2555 3236
279 201 342 248 24

211 336 500 400 disciplinas
524 336 761 395 docentes,
783 351 871 382 nec
894 350 994 382 non
1018 350 1076 380 ex
1102 333 1278 380 scholis
1291 334 1641 397 Chirurgorum
1666 339 2083 397 secundariorum,
2106 342 2299 401 Henck,

214 444 312 474 van
358 429 553 482 Deurs,
595 426 749 489 Agier
796 425 1005 488 optimos
1053 425 1306 489 reportavi
1339 424 1575 485 fructus,
1630 426 1827 475 minime
1871 439 2033 477 tamen
2086 432 2297 478 scientiis

216 517 529 563 naturalibus
566 516 824 577 neglectis,
868 531 1080 577 quarum
1116 515 1516 578 interpretatione
1560 523 1609 560 et
1652 517 1923 565 eruditione
1955 520 2129 567 illustr.
2157 522 2301 567 Hor-

215 622 446 660 nemann,
482 605 673 665 Orstecl,
705 605 876 652 Sclzow
901 613 949 650 et
978 606 1117 652 Zeise
1150 606 1329 667 optime
1363 606 1422 650 de
1457 620 1532 650 me
1561 614 1856 653 meruerunt.
1938 611 2002 654 Ut
2022 610 2300 672 practicam

217 703 383 741 autem
417 695 822 754 exercitationem,
858 696 1044 741 medico
1080 711 1229 757 quam
1259 695 1469 740 maxime
1501 695 1840 756 necessariam,
1872 712 2174 758 assequerer,
2209 715 2300 745 no-

218 784 480 830 socomium
522 785 712 845 regium
746 785 1152 831 Fredericianum
1197 785 1479 846 tempestive
1518 785 1670 846 petii,
1715 784 1797 831 ubi
1831 784 2027 844 faustis
2070 788 2301 849 auspiciis

218 873 643 920 dilectissimorum
681 883 1045 936 praeceptorum
1101 874 1363 920 Witlzusen
1408 883 1457 920 et
1504 877 1649 935 Bang
1695 876 1960 921 maximam
2004 884 2302 937 oegrotorum

219 964 412 1024 copiam
440 963 630 1024 partim
666 964 874 1009 tractari
908 963 1020 1020 vidi,
1050 963 1240 1023 partim
1266 964 1364 1024 ipsi
1391 963 1620 1010 tractavi.
1691 964 1919 1026 Denique
1951 966 2185 1010 sectiones
2211 982 2302 1010 ca·-

220 1053 456 1096 daverum
484 1051 889 1114 frequentissime
921 1060 968 1097 et
1014 1052 1064 1097 in
1100 1052 1292 1097 theatro
1325 1051 1602 1097 anatomico
1637 1052 1981 1101 Universitatis
2015 1063 2062 1100 et
2095 1054 2145 1100 in
2164 1054 2303 1102 Aca-.—

222 1141 385 1185 demia
420 1142 699 1202 chirurgica
732 1142 869 1203 regia
905 1141 1108 1186 institui.
1202 1140 1402 1187 Talibus
1436 1139 1589 1202 igitur
1623 1140 1841 1198 ducibus,
1874 1141 1954 1188 vix
1974 1141 2097 1203 fieri
2121 1142 2305 1204 potuit,

222 1231 341 1289 quin
378 1231 492 1290 jam
537 1231 718 1275 volenti
761 1238 809 1274 et
851 1230 1067 1290 cupienti
1109 1229 1270 1275 animo
1318 1245 1474 1275 novus
1506 1229 1720 1291 quotidie
1757 1231 1983 1277 stimulus
2028 1229 2306 1280 adderetur.

221 1319 502 1381 iisdemque,
536 1320 646 1365 loete
674 1319 932 1381 profiteor,
968 1319 1131 1373 debe0,
1165 1319 1297 1382 quod
1325 1317 1540 1377 fecerim,
1576 1319 1936 1384 qualescunque
1961 1320 2083 1381 feci,
2111 1321 2162 1366 in
2195 1328 2304 1366 arte

222 1410 413 1453 medica
448 1425 760 1471 progressus.
848 1412 1026 1472 Itaque
1079 1425 1189 1454 cum
1232 1424 1363 1455 anno
1408 1408 1827 1456 MDCCCXXIX
1860 1410 1912 1455 in
1954 1410 2091 1455 alma
2136 1417 2303 1454 nostra

234 1498 562 1543 Universitate
596 1500 801 1561 quaestio
834 1499 885 1545 in
919 1498 1078 1545 medio
1105 1497 1367 1560 proposita
1402 1503 1526 1542 esset
1560 1496 1621 1543 de
1657 1498 1893 1548 anatomia
1929 1505 1991 1548 et,
2010 1497 2304 1559 physiologia

221 1600 390 1630 renum
419 1592 906 1646 succenturiatorum,
949 1589 1019 1632 ad
1043 1586 1325 1648 praemium
1371 1583 1642 1646 expositum
1681 1598 1965 1632 concurrere
1998 1602 2150 1632 ausus
2183 1602 2305 1641 sum,

225 1675 354 1717 uncle
383 1675 613 1734 palmam
647 1684 903 1737 reportare
937 1676 1054 1720 mila·
1088 1676 1215 1720 inter
1244 1674 1415 1736 plures
1444 1672 1658 1735 contigit.
1725 1673 1872 1722 Anno
1894 1674 2307 1723 MDCCCXXXI

224 1779 387 1808 mense
418 1765 588 1825 Aprili
620 1766 833 1810 examini
870 1764 1362 1824 medico-chirurgica
1398 1771 1446 1807 et
1477 1763 2001 1825 anatomico-practico
2030 1765 2081 1809 in
2109 1765 2306 1813 Acade.-

224 1853 324 1899 mia
358 1853 637 1915 chirurgica
681 1855 822 1915 regia
856 1872 932 1900 me
965 1855 1181 1909 submisi,
1214 1855 1265 1899 in
1298 1870 1392 1914 quo
1421 1853 1591 1915 prima
1623 1862 1741 1899 nota
1774 1870 1882 1900 cum
1912 1854 2060 1901 laude
2091 1851 2307 1915 ('’fo‘rste

226 1944 520 1990 Clzaracteer
564 1946 676 1990 med
713 1946 887 2010 szie’y
935 1947 1114 2007 dignus
1157 1945 1430 1990 aestimatus
1463 1955 1599 2005 sum,·
1656 1952 1704 1990 et
1737 1945 1952 1991 eiusdem
1992 1946 2112 1992 anni
2143 1962 2306 1992 mense

232 2034 430 2080 Octobri
464 2035 675 2080 examini
711 2035 1201 2097 medico-clzirurgico
1235 2034 1456 2095 rigoroso
1490 2050 1566 2079 me
1601 2034 1775 2092 obtuli,
1817 2034 1868 2081 in
1914 2051 2007 2098 quo
2042 2035 2307 2081 laudabilis

216 2124 478 2185 judicatus
509 2142 631 2173 sum.
715 2125 793 2173 Ab
841 2126 932 2172 lzoc
965 2126 1078 2170 inde
1111 2133 1328 2186 tempore
1367 2124 1484 2170 dum
1529 2139 1660 2169 curoe
1703 2140 1896 2186 semper
1927 2126 2156 2186 cordique
2189 2125 2307 2169 milzi

217 2213 352 2272 fuit,
399 2222 453 2260 ut
490 2215 655 2260 studia
696 2231 806 2261 mea
841 2215 966 2260 artis
998 2214 1278 2276 Apolltneae
1310 2230 1409 2275 pro
1439 2212 1587 2260 virili
1624 2221 1772 2274 parte
1806 2212 1998 2258 uberius
2030 2214 2306 2271 excolerem,

227 2304 372 2349 haud·
398 2304 590 2366 neglexi
615 2305 868 2351 Facultati
899 2301 1110 2351 Medicae
1156 2301 1498 2349 Universitatis
1533 2301 1774 2362 specimen
1802 2301 1947 2361 dare,
1992 2318 2049 2347 ex
2076 2319 2171 2365 quo
2204 2321 2302 2366 ap·-

220 2401 462 2453 pareret,
530 2395 570 2439 si
612 2395 731 2456 quid
775 2395 826 2439 in
869 2401 978 2439 arte
1023 2392 1213 2438 medica
1252 2390 1590 2452 profecissem.
1703 2389 1869 2448 Quare
1916 2392 2303 2439 dissertationem

227 2482 458 2527 historico
478 2510 508 2518 -
523 2484 916 2545 plzysiologicam
976 2485 1036 2528 de
1091 2481 1272 2526 balneis
1337 2480 1549 2525 Russicis
1613 2480 1910 2543 conscripsi,
1978 2498 2127 2545 quam
2174 2499 2304 2529 anno

225 2570 680 2620 MDCCCXX'XII
718 2574 895 2617 mensis
941 2569 1227 2620 Decembris
1269 2568 1347 2613 die
1386 2570 1575 2625 XXII,
1619 2578 1674 2615 ut
1713 2571 1957 2617 licentiam
2003 2587 2215 2619 summos
2253 2573 2302 2616 in

227 2662 470 2709 medicina
505 2661 715 2709 honores
749 2660 1041 2724 capessendi
1074 2673 1413 2721 consequerer,
1452 2659 1646 2719 publice
1682 2660 1902 2719 defendi.
1983 2663 2103 2709 Cum
2139 2661 2307 2707 statim

224 2760 341 2812 post
374 2752 669 2815 optimorum
698 2759 1066 2816 proeceptorum
1110 2747 1443 2797 benevolentia
1485 2757 1533 2796 et
1579 2749 1809 2812 beneficio
1850 2752 2004 2814 Regis
2037 2750 2307 2813 Augustis-

231 2841 343 2887 simi
360 2842 700 2904 peregrinatio
735 2842 939 2891 triennis
965 2841 1180 2906 publicis
1213 2838 1447 2887 sumtibus
1477 2840 1595 2888 mihi
1617 2848 1808 2904 parata
1837 2849 1976 2898 esset,
2017 2856 2221 2903 eamque
2249 2841 2304 2888 ob

229 2948 448 2988 causam,
484 2949 631 2995 quam
657 2934 878 2996 primum
902 2933 1024 2997 fieri
1056 2931 1206 2992 licuit,
1250 2930 1437 2978 occasio
1472 2930 1591 2979 milii
1621 2930 1925 2994 praeberetur
1951 2939 2110 2977 artem
2147 2931 2304 2978 obste—
