2555 3236
298 233 359 275 12

227 362 317 408 bus
353 365 539 406 tantum
575 357 716 404 codd.
751 354 1072 402 mediocribus
1106 355 1313 415 invenit3
1381 356 1576 419 reliqui,
1614 365 1665 404 ut
1702 358 1901 406 Hearnii
1937 370 2195 419 omnesque
2231 364 2342 403 ante

229 450 403 496 Aldum
441 448 547 493 edd.
579 443 941 490 conciliandam
973 444 1168 490 habent.
1237 443 1293 489 In
1328 444 1409 491 lib.
1442 445 1623 505 XXVI,
1658 452 1739 505 43,
1774 455 1832 502 3,
1888 449 1971 494 ubi
2005 446 2220 509 plerique
2257 462 2346 492 co-

230 540 355 583 dices
389 536 611 581 lacunam
648 535 829 579 habent
873 531 984 594 (vid.
1025 532 1268 577 Drakenb.
1302 535 1364 579 ad
1398 533 1514 592 XL,
1548 534 1662 594 49),
1707 542 1881 594 tamena
1917 551 1979 581 ex
2024 536 2178 581 tribus
2213 534 2345 579 Dra-

232 626 539 682 kenborchii,
603 627 682 684 qui
715 624 891 680 integri
925 629 1088 678 erant,
1158 623 1253 666 duo
1288 640 1398 668 cum
1436 625 1614 684 Sigouii
1666 625 1769 668 cod.
1816 630 1865 667 et
1897 624 2118 669 Palatino
2154 631 2203 668 et
2238 624 2344 670 edd.

229 722 341 760 vett.
375 714 620 757 habebant
651 711 724 756 cccl
756 708 927 755 urbem
957 725 1111 754 unam
1147 713 1560 771 oppugnandam,
1593 729 1686 757 non
1719 712 2133 772 oppugnandum.
2207 712 2348 757 'Pan-

228 810 328 848 tum
363 800 525 859 XXX,
555 806 634 858 37,
663 805 694 851 7
723 798 905 859 aliquot
940 799 1077 844 codd.
1111 799 1292 845 habent
1327 802 1398 846 acl
1432 800 1824 846 dissuadendum
1849 814 2049 860 pacem,
2083 798 2242 844 nullus
2265 807 2345 845 ta-

227 906 357 945 men,
389 892 516 935 inter
552 886 1040 933 Drakenborchianos
1076 889 1283 948 quidem,
1319 905 1380 934 ex
1416 889 1707 936 melioribus.
1775 888 1832 934 In
1868 903 1923 933 ea
1953 895 2088 948 parte
2119 867 2261 947 Livi‘i,
2292 889 2343 932 in

233 996 325 1039 qua
361 979 572 1023 maxime
607 976 843 1035 regnabat
878 977 1030 1020 codex
1065 975 1394 1036 Moguntinus‚
1428 994 1457 1023 a
1489 977 1657 1022 Modio
1693 979 1889 1023 minime
1925 984 2149 1023 accurate
2184 990 2343 1036 neque

228 1066 368 1126 plene
396 1065 626 1121 collatus,
697 1064 919 1109 obiicitur
953 1061 1241 1121 XXXVIII,
1277 1073 1338 1122 -3,
1381 1069 1413 1117 7
1481 1064 1554 1109 ad
1592 1065 1887 1109 tentandum
1932 1064 2161 1110 ultimam
2191 1076 2347 1124 spem,

228 1155 353 1216 quod
395 1160 637 1199 servatum
684 1160 756 1196 est
797 1152 858 1196 ob
891 1150 1045 1196 Modii
1075 1151 1345 1211 silentium,
1410 1154 1499 1197 etsi
1546 1159 1729 1211 septem
1776 1152 2160 1197 Drakenborchii
2205 1152 2343 1196 codd.

225 1243 469 1286 habebant
510 1240 833 1296 tentandam5
897 1242 994 1284 iam
1032 1241 1159 1284 idem
1208 1242 1259 1285 in
1292 1241 1661 1299 Bambergcnsi,
1732 1243 1945 1286 omnium
2002 1242 2246 1300 principe,
2319 1256 2346 1282 a

227 1330 454 1376 Goellero
487 1337 735 1388 repertum
798 1329 911 1390 (vid.
946 1327 1101 1371 Goell.
1134 1335 1246 1386 post
1278 1328 1380 1374 Liv.
1418 1328 1501 1374 lib.
1535 1328 1761 1372 XXXIII.
1801 1345 1846 1388 p.
1884 1329 2001 1390 321)
2055 1329 2343 1373 dubitationi

228 1421 507 1465 obnoxium·
535 1433 635 1462 non
681 1423 767 1461 est.
828 1476 834 1481 j
873 1417 995 1460 Haec
1039 1432 1181 1476 quum
1231 1418 1296 1460 ita
1332 1419 1455 1469 sint,
1526 1418 1630 1477 quis
1666 1433 1810 1462 sanus
1846 1434 1905 1462 ex
1943 1434 1996 1462 ea
2032 1424 2167 1476 parte
2202 1417 2343 1472 Livii,

225 1525 330 1569 quae
364 1509 538 1567 partim
573 1506 719 1550 solius
761 1506 983 1549 editionis
1016 1504 1316 1563 Moguntinae
1365 1504 1464 1566 (lib.
1497 1505 1603 1551 XL.
1638 1522 1666 1549 a
1711 1523 1749 1551 c.
1783 1512 1849 1558 37
1882 1508 1942 1550 ad
1976 1506 2075 1565 fin.)
2128 1507 2342 1549 auctori-

226 1604 324 1641 tate
357 1597 551 1650 nititur,
618 1608 725 1651 quae
762 1608 904 1651 quam
941 1591 1117 1634 multos
1151 1591 1329 1635 habeat
1363 1591 1552 1651 legendi
1596 1599 1644 1637 et
1679 1593 1982 1653 negligentiae
2016 1608 2228 1650 erroreS,
2293 1595 2343 1638 in

225 1685 351 1729 libro
380 1680 594 1725 XXXIII
624 1679 918 1739 patefactum
955 1686 1052 1732 est,
1085 1680 1258 1738 partim
1289 1679 1434 1725 solius
1471 1681 1649 1725 codicis
1686 1680 2100 1727 Laurishamensis
2137 1689 2185 1727 et
2220 1679 2344 1726 male

225 1772 382 1816 affecti
418 1785 508 1813 nec
541 1768 906 1827 diligentissime
942 1767 1147 1812 adhibiti
1193 1783 1283 1812 nec
1327 1769 1376 1812 in
1419 1769 1576 1827 prima.
1621 1769 1831 1814 editione
1873 1776 2093 1814 accurate
2129 1772 2342 1828 expressi

226 1861 319 1903 lide
355 1857 455 1917 (lib.
490 1858 604 1900 XLI
638 1859 697 1900 ad
733 1854 857 1915 fin.)‚
906 1859 1034 1915 qui-5,
1068 1858 1265 1914 inquam
1299 1856 1412 1901 hinc
1442 1858 1637 1901 obiiciet
1670 1865 1766 1902 tres
1802 1851 1917 1903 istos
1950 1858 2080 1903 locos
2113 1857 2225 1911 XL,
2261 1865 2344 1914 49,

226 1947 375 2001 XLII,
411 1952 466 1998 5,
499 1945 658 1999 XLII,
690 1941 794 1995 43?
861 1945 925 1989 Et
956 1945 1292 2003 Kreyssigius,
1327 1946 1407 2004 qui
1442 1946 1656 1991 codicem
1692 1945 2146 1991 Laurishamensem
2181 1946 2340 1991 denuo

225 2036 468 2091 adhibuit,
505 2035 554 2078 in
590 2031 736 2088 XLII,
770 2037 800 2084 5
835 2033 1061 2077 mendum
1098 2031 1315 2092 reliquit,
1349 2033 1432 2079 sed
1463 2035 1513 2079 in
1546 2051 1585 2079 c.
1616 2032 1942 2087 43sustulit,
1986 2032 2079 2078 hoc
2114 2039 2243 2078 certe
2280 2048 2340 2078 ex

225 2127 401 2171 codice.
471 2123 655 2167 Eadem
693 2137 888 2179 prorsus
926 2128 998 2165 cst
1031 2122 1154 2166 ratio
1184 2120 1310 2168 Vell.
1344 2121 1586 2168 Paterculi
1619 2122 1676 2180 11,
1706 2129 1771 2181 59
1807 2121 1902 2179 (acl
1926 2118 2251 2166 erudiendum
2272 2119 2337 2165 li-

227 2211 472 2258 beralibus
493 2208 771 2269 disciplinis
792 2207 1061 2268 singularis
1094 2208 1308 2254 indolem
1328 2209 1562 2272 iuvenis),
1596 2212 1676 2271 qui
1701 2227 1798 2256 non
1823 2208 2095 2269 singularis
2124 2208 2340 2255 indolem

227 2300 442 2353 invenis,
487 2300 570 2343 sed
605 2299 713 2342 usui
747 2299 1086 2342 convenienter
1116 2296 1389 2357 singularis
1423 2297 1606 2342 indolis
1639 2296 1864 2341 iuvenem
1894 2296 1997 2352 (aut
2031 2299 2219 2343 inverso
2255 2313 2340 2343 or-
2400 2330 2402 2332 -

224 2393 336 2435 dine
372 2386 643 2447 singularis
677 2386 902 2431 iuvenem
937 2385 1139 2444 indolis)
1164 2387 1409 2443 scripsisse
1432 2387 1634 2430 videtur.
1701 2385 1859 2431 Multo
1895 2387 2045 2445 magis
2077 2385 2197 2444 haec,
2230 2403 2338 2446 quae

225 2481 323 2525 dixi
358 2479 418 2523 de
441 2483 579 2522 textu
613 2477 899 2534 scriptorum
936 2476 996 2520 ad
1033 2475 1220 2519 codices
1259 2489 1356 2519 non
1390 2480 1573 2531 exact0,
1607 2473 1940 2521 transferenda
1976 2481 2090 2520 sunt
2122 2475 2183 2521 ad
2219 2474 2336 2521 alios

227 2570 510 2627 scriptores3
570 2563 702 2610 velut
739 2565 862 2624 quod
902 2579 1050 2609 unum
1087 2562 1213 2612 Celsi
1250 2559 1331 2623 (V,
1367 2564 1451 2616 26,
1483 2559 1567 2622 36)
1602 2561 1756 2608 Iocum
1794 2563 2023 2622 afferunt,
2058 2565 2107 2609 in
2143 2579 2237 2624 quo
2274 2565 2336 2609 sit

227 2658 296 2700 acl
317 2654 649 2699 inducendam
672 2651 965 2704 cicatricem,
1000 2653 1102 2710 quis
1138 2654 1185 2697 in
1219 2652 1301 2697 illo
1337 2652 1569 2709 scriptore
1604 2654 1660 2697 ad
1683 2652 1957 2698 huiusmodi
1993 2668 2095 2697 rem
2131 2651 2337 2698 attendit

231 2763 285 2790 ac
319 2760 417 2788 non
452 2742 758 2800 propagavit,
803 2742 929 2800 quod
964 2757 1075 2784 casu
1112 2757 1172 2785 an
1207 2757 1267 2785 ex
1302 2741 1443 2785 unius
1479 2740 1652 2786 codicis
1689 2741 1865 2787 incudo
1900 2743 1951 2787 in
1986 2741 2190 2799 primam
2230 2737 2337 2782 edi-

225 2837 407 2880 tionem
444 2825 684 2875 venisset?
729 2829 909 2874 Eadem
950 2836 1023 2873 est
1056 2829 1250 2875 Senecae
1280 2830 1418 2896 rati0‚
1452 2830 1583 2876 cuius
1617 2830 1732 2875 item
1763 2831 1813 2876 in
1850 2828 2072 2876 omnibus
2108 2824 2335 2885 operibus

229 2938 349 2969 unus
385 2912 622 2980 reperitur
658 2913 790 2964 loc-us
825 2919 1090 2965 contrarius
1130 2919 1188 2964 dc
1225 2917 1387 2965 Bencf.
1423 2918 1461 2979 I,
1499 2929 1540 2973 1.
1645 2918 1809 2980 Itaque
1847 2918 1999 2965 sicubi
2036 2914 2221 2961 codices
2257 2916 2338 2960 in-
