<?xml version="1.0" encoding="UTF-8"?>
<!DOCTYPE html PUBLIC "-//W3C//DTD XHTML 1.0 Transitional//EN"
    "http://www.w3.org/TR/xhtml1/DTD/xhtml1-transitional.dtd">
<html xmlns="http://www.w3.org/1999/xhtml" xml:lang="en" lang="en">
 <head>
  <title>
</title>
<meta http-equiv="Content-Type" content="text/html;charset=utf-8" />
  <meta name='ocr-system' content='tesseract 3.04.00' />
  <meta name='ocr-capabilities' content='ocr_page ocr_carea ocr_par ocr_line ocrx_word'/>
</head>
<body>
  <div class='ocr_page' id='page_1' title='image "4629185_0029.png"; bbox 0 0 2555 3236; ppageno 0'>
   <div class='ocr_carea' id='block_1_1' title="bbox 2165 174 2229 222">
    <p class='ocr_par' dir='ltr' id='par_1_1' title="bbox 2165 174 2229 222">
     <span class='ocr_line' id='line_1_1' title="bbox 2165 174 2229 222; baseline 0.016 -1"><span class='ocrx_word' id='word_1_1' title='bbox 2165 174 2229 222; x_wconf 81' lang='lat'><strong><em>23</em></strong></span> 
     </span>
    </p>
   </div>
   <div class='ocr_carea' id='block_1_2' title="bbox 1227 445 1279 512">
    <p class='ocr_par' dir='ltr' id='par_1_2' title="bbox 1227 445 1279 512">
     <span class='ocr_line' id='line_1_2' title="bbox 1227 445 1279 512; baseline 0 -2"><span class='ocrx_word' id='word_1_2' title='bbox 1227 445 1279 512; x_wconf 87' lang='lat'><strong><em>1.</em></strong></span> 
     </span>
    </p>
   </div>
   <div class='ocr_carea' id='block_1_3' title="bbox 211 626 2290 722">
    <p class='ocr_par' dir='ltr' id='par_1_3' title="bbox 211 626 2290 722">
     <span class='ocr_line' id='line_1_3' title="bbox 211 626 2290 722; baseline 0 -12"><span class='ocrx_word' id='word_1_3' title='bbox 211 626 319 712; x_wconf 84' lang='lat' dir='ltr'><em>H</em></span> <span class='ocrx_word' id='word_1_4' title='bbox 310 660 475 709; x_wconf 86' lang='lat' dir='ltr'><strong><em>aunioe</em></strong></span> <span class='ocrx_word' id='word_1_5' title='bbox 506 667 653 708; x_wconf 84' lang='lat' dir='ltr'><strong><em>natus</em></strong></span> <span class='ocrx_word' id='word_1_6' title='bbox 686 672 795 705; x_wconf 85' lang='lat' dir='ltr'><strong><em>sum</em></strong></span> <span class='ocrx_word' id='word_1_7' title='bbox 816 652 1087 704; x_wconf 74' lang='lat' dir='ltr'><em>Mauritius</em></span> <span class='ocrx_word' id='word_1_8' title='bbox 1110 654 1312 706; x_wconf 80' lang='lat' dir='ltr'><strong><em>Marcus</em></strong></span> <span class='ocrx_word' id='word_1_9' title='bbox 1335 658 1482 722; x_wconf 84' lang='lat' dir='ltr'><strong><em>Levy</em></strong></span> <span class='ocrx_word' id='word_1_10' title='bbox 1502 674 1632 705; x_wconf 87' lang='lat' dir='ltr'><strong><em>anno</em></strong></span> <span class='ocrx_word' id='word_1_11' title='bbox 1653 656 1941 710; x_wconf 80' lang='lat' dir='ltr'><em>MDOOGV</em></span> <span class='ocrx_word' id='word_1_12' title='bbox 1934 663 2029 709; x_wconf 91' lang='lat' dir='ltr'><strong><em>III</em></strong></span> <span class='ocrx_word' id='word_1_13' title='bbox 2048 662 2128 708; x_wconf 86' lang='lat' dir='ltr'><strong><em>die</em></strong></span> <span class='ocrx_word' id='word_1_14' title='bbox 2152 665 2187 710; x_wconf 90' lang='lat' dir='ltr'><em>I</em></span> <span class='ocrx_word' id='word_1_15' title='bbox 2189 665 2245 712; x_wconf 92' lang='lat' dir='ltr'><em>V</em></span> <span class='ocrx_word' id='word_1_16' title='bbox 2239 674 2290 710; x_wconf 80' lang='lat' dir='ltr'><strong><em>to</em></strong></span> 
     </span>
    </p>
   </div>
   <div class='ocr_carea' id='block_1_4' title="bbox 176 746 2287 2970">
    <p class='ocr_par' dir='ltr' id='par_1_4' title="bbox 176 746 2287 2970">
     <span class='ocr_line' id='line_1_4' title="bbox 213 746 2287 817; baseline -0.001 -15"><span class='ocrx_word' id='word_1_17' title='bbox 213 753 390 801; x_wconf 85' lang='lat' dir='ltr'><strong><em>mensis</em></strong></span> <span class='ocrx_word' id='word_1_18' title='bbox 425 746 739 814; x_wconf 85' lang='lat' dir='ltr'><strong><em>Septembris,</em></strong></span> <span class='ocrx_word' id='word_1_19' title='bbox 762 755 914 811; x_wconf 80' lang='lat' dir='ltr'><strong><em>patre</em></strong></span> <span class='ocrx_word' id='word_1_20' title='bbox 945 747 1122 795; x_wconf 88' lang='lat' dir='ltr'><strong><em>Marco</em></strong></span> <span class='ocrx_word' id='word_1_21' title='bbox 1151 751 1294 812; x_wconf 83' lang='lat' dir='ltr'><strong><em>Levy</em></strong></span> <span class='ocrx_word' id='word_1_22' title='bbox 1304 782 1322 805; x_wconf 92' lang='lat'><em>,</em></span> <span class='ocrx_word' id='word_1_23' title='bbox 1365 749 1587 810; x_wconf 69' lang='lat' dir='ltr'><strong><em>aurificis</em></strong></span> <span class='ocrx_word' id='word_1_24' title='bbox 1615 767 1812 796; x_wconf 85' lang='lat' dir='ltr'><strong><em>munere</em></strong></span> <span class='ocrx_word' id='word_1_25' title='bbox 1837 753 2108 815; x_wconf 84' lang='lat' dir='ltr'><strong><em>fungente,</em></strong></span> <span class='ocrx_word' id='word_1_26' title='bbox 2143 771 2287 817; x_wconf 88' lang='lat' dir='ltr'><strong><em>quem</em></strong></span> 
     </span>
     <span class='ocr_line' id='line_1_5' title="bbox 206 837 2283 907; baseline -0 -17"><span class='ocrx_word' id='word_1_27' title='bbox 206 851 518 907; x_wconf 84' lang='lat' dir='ltr'><strong><em>proematura</em></strong></span> <span class='ocrx_word' id='word_1_28' title='bbox 544 837 699 886; x_wconf 82' lang='lat' dir='ltr'><strong><em>eheu!</em></strong></span> <span class='ocrx_word' id='word_1_29' title='bbox 741 853 871 883; x_wconf 88' lang='lat' dir='ltr'><strong><em>mors</em></strong></span> <span class='ocrx_word' id='word_1_30' title='bbox 905 846 1019 883; x_wconf 87' lang='lat' dir='ltr'><strong><em>ante</em></strong></span> <span class='ocrx_word' id='word_1_31' title='bbox 1047 854 1238 900; x_wconf 86' lang='lat' dir='ltr'><strong><em>paucos</em></strong></span> <span class='ocrx_word' id='word_1_32' title='bbox 1270 855 1426 884; x_wconf 87' lang='lat' dir='ltr'><strong><em>annos</em></strong></span> <span class='ocrx_word' id='word_1_33' title='bbox 1459 839 1693 900; x_wconf 79' lang='lat' dir='ltr'><em>abripuit,</em></span> <span class='ocrx_word' id='word_1_34' title='bbox 1736 850 1895 887; x_wconf 88' lang='lat' dir='ltr'><strong><em>matre</em></strong></span> <span class='ocrx_word' id='word_1_35' title='bbox 1927 858 2041 888; x_wconf 90' lang='lat' dir='ltr'><strong><em>vero</em></strong></span> <span class='ocrx_word' id='word_1_36' title='bbox 2074 845 2283 893; x_wconf 71' lang='lat' dir='ltr'><strong><em>Juditlza</em></strong></span> 
     </span>
     <span class='ocr_line' id='line_1_6' title="bbox 209 926 2283 991; baseline -0.001 -12"><span class='ocrx_word' id='word_1_37' title='bbox 209 931 504 988; x_wconf 78' lang='lat' dir='ltr'><strong><em>Hecksclzer‚</em></strong></span> <span class='ocrx_word' id='word_1_38' title='bbox 540 944 639 991; x_wconf 89' lang='lat' dir='ltr'><strong><em>qua</em></strong></span> <span class='ocrx_word' id='word_1_39' title='bbox 669 927 844 985; x_wconf 79' lang='lat' dir='ltr'><strong><em>adbuc,</em></strong></span> <span class='ocrx_word' id='word_1_40' title='bbox 880 940 976 987; x_wconf 88' lang='lat' dir='ltr'><strong><em>per</em></strong></span> <span class='ocrx_word' id='word_1_41' title='bbox 1006 926 1207 989; x_wconf 89' lang='lat' dir='ltr'><strong><em>longam</em></strong></span> <span class='ocrx_word' id='word_1_42' title='bbox 1242 929 1429 972; x_wconf 87' lang='lat' dir='ltr'><strong><em>utinam</em></strong></span> <span class='ocrx_word' id='word_1_43' title='bbox 1464 945 1709 973; x_wconf 86' lang='lat' dir='ltr'><strong><em>annorum</em></strong></span> <span class='ocrx_word' id='word_1_44' title='bbox 1743 931 1932 985; x_wconf 87' lang='lat' dir='ltr'><strong><em>seriem,</em></strong></span> <span class='ocrx_word' id='word_1_45' title='bbox 1977 932 2092 976; x_wconf 82' lang='lat' dir='ltr'><strong><em>viva</em></strong></span> <span class='ocrx_word' id='word_1_46' title='bbox 2126 933 2283 981; x_wconf 86' lang='lat' dir='ltr'><strong><em>loetor.</em></strong></span> 
     </span>
     <span class='ocr_line' id='line_1_7' title="bbox 206 1017 2285 1081; baseline -0 -12"><span class='ocrx_word' id='word_1_47' title='bbox 206 1021 389 1070; x_wconf 78' lang='lat' dir='ltr'><strong><em>Primis</em></strong></span> <span class='ocrx_word' id='word_1_48' title='bbox 423 1020 698 1064; x_wconf 89' lang='lat' dir='ltr'><strong><em>litterarum</em></strong></span> <span class='ocrx_word' id='word_1_49' title='bbox 726 1017 973 1062; x_wconf 86' lang='lat' dir='ltr'><strong><em>elementis</em></strong></span> <span class='ocrx_word' id='word_1_50' title='bbox 1000 1033 1110 1062; x_wconf 90' lang='lat' dir='ltr'><strong><em>cum</em></strong></span> <span class='ocrx_word' id='word_1_51' title='bbox 1142 1018 1194 1062; x_wconf 90' lang='lat' dir='ltr'><strong><em>in</em></strong></span> <span class='ocrx_word' id='word_1_52' title='bbox 1216 1018 1335 1070; x_wconf 84' lang='lat' dir='ltr'><strong><em>ludo</em></strong></span> <span class='ocrx_word' id='word_1_53' title='bbox 1355 1017 1542 1079; x_wconf 86' lang='lat' dir='ltr'><strong><em>puerili</em></strong></span> <span class='ocrx_word' id='word_1_54' title='bbox 1573 1018 1715 1063; x_wconf 87' lang='lat' dir='ltr'><strong><em>oetati</em></strong></span> <span class='ocrx_word' id='word_1_55' title='bbox 1740 1020 1930 1081; x_wconf 91' lang='lat' dir='ltr'><strong><em>adapto</em></strong></span> <span class='ocrx_word' id='word_1_56' title='bbox 1956 1020 2166 1067; x_wconf 81' lang='lat' dir='ltr'><strong><em>imbutus</em></strong></span> <span class='ocrx_word' id='word_1_57' title='bbox 2202 1038 2285 1068; x_wconf 83' lang='lat' dir='ltr'><strong><em>es-</em></strong></span> 
     </span>
     <span class='ocr_line' id='line_1_8' title="bbox 205 1106 2284 1170; baseline 0.001 -14"><span class='ocrx_word' id='word_1_58' title='bbox 205 1127 319 1170; x_wconf 86' lang='lat' dir='ltr'><strong><em>sem,</em></strong></span> <span class='ocrx_word' id='word_1_59' title='bbox 352 1125 484 1155; x_wconf 88' lang='lat' dir='ltr'><strong><em>anno</em></strong></span> <span class='ocrx_word' id='word_1_60' title='bbox 519 1108 861 1164; x_wconf 86' lang='lat' dir='ltr'><strong><em>MDCCCXX,</em></strong></span> <span class='ocrx_word' id='word_1_61' title='bbox 903 1106 1078 1151; x_wconf 82' lang='lat' dir='ltr'><strong><em>studiis</em></strong></span> <span class='ocrx_word' id='word_1_62' title='bbox 1121 1106 1396 1152; x_wconf 86' lang='lat' dir='ltr'><strong><em>litterarum</em></strong></span> <span class='ocrx_word' id='word_1_63' title='bbox 1427 1106 1685 1154; x_wconf 77' lang='lat' dir='ltr'><em>altioribus</em></span> <span class='ocrx_word' id='word_1_64' title='bbox 1718 1109 1927 1165; x_wconf 85' lang='lat' dir='ltr'><strong><em>dicatus,</em></strong></span> <span class='ocrx_word' id='word_1_65' title='bbox 1963 1110 2161 1167; x_wconf 83' lang='lat' dir='ltr'><strong><em>sclzoloe,</em></strong></span> <span class='ocrx_word' id='word_1_66' title='bbox 2204 1113 2284 1158; x_wconf 90' lang='lat' dir='ltr'><strong><em>cui</em></strong></span> 
     </span>
     <span class='ocr_line' id='line_1_9' title="bbox 205 1194 2282 1263; baseline 0 -17"><span class='ocrx_word' id='word_1_67' title='bbox 205 1219 237 1246; x_wconf 89' lang='lat' dir='ltr'><strong><em>a</em></strong></span> <span class='ocrx_word' id='word_1_68' title='bbox 279 1201 458 1246; x_wconf 82' lang='lat' dir='ltr'><strong><em>virtute</em></strong></span> <span class='ocrx_word' id='word_1_69' title='bbox 498 1197 628 1244; x_wconf 88' lang='lat' dir='ltr'><strong><em>civili</em></strong></span> <span class='ocrx_word' id='word_1_70' title='bbox 672 1211 846 1242; x_wconf 87' lang='lat' dir='ltr'><strong><em>nomen</em></strong></span> <span class='ocrx_word' id='word_1_71' title='bbox 887 1194 1197 1256; x_wconf 83' lang='lat' dir='ltr'><strong><em>impositum,</em></strong></span> <span class='ocrx_word' id='word_1_72' title='bbox 1241 1196 1522 1257; x_wconf 87' lang='lat' dir='ltr'><strong><em>adscriptus</em></strong></span> <span class='ocrx_word' id='word_1_73' title='bbox 1559 1213 1680 1244; x_wconf 89' lang='lat' dir='ltr'><strong><em>sum.</em></strong></span> <span class='ocrx_word' id='word_1_74' title='bbox 1756 1199 1837 1245; x_wconf 90' lang='lat' dir='ltr'><strong><em>Ibi</em></strong></span> <span class='ocrx_word' id='word_1_75' title='bbox 1866 1215 1964 1260; x_wconf 77' lang='lat' dir='ltr'><strong><em>per</em></strong></span> <span class='ocrx_word' id='word_1_76' title='bbox 2005 1200 2282 1263; x_wconf 86' lang='lat' dir='ltr'><strong><em>quinquen-</em></strong></span> 
     </span>
     <span class='ocr_line' id='line_1_10' title="bbox 203 1283 2277 1352; baseline -0.001 -14"><span class='ocrx_word' id='word_1_77' title='bbox 203 1292 338 1338; x_wconf 84' lang='lat' dir='ltr'><em>nium</em></span> <span class='ocrx_word' id='word_1_78' title='bbox 363 1288 629 1351; x_wconf 85' lang='lat' dir='ltr'><strong><em>praeceptis</em></strong></span> <span class='ocrx_word' id='word_1_79' title='bbox 655 1283 1179 1349; x_wconf 67' lang='lat' dir='ltr'><strong><em>praestantissimorum</em></strong></span> <span class='ocrx_word' id='word_1_80' title='bbox 1209 1284 1555 1347; x_wconf 88' lang='lat' dir='ltr'><strong><em>magistrorum</em></strong></span> <span class='ocrx_word' id='word_1_81' title='bbox 1579 1302 1714 1343; x_wconf 85' lang='lat' dir='ltr'><strong><em>usus,</em></strong></span> <span class='ocrx_word' id='word_1_82' title='bbox 1745 1286 1876 1334; x_wconf 87' lang='lat' dir='ltr'><strong><em>inter</em></strong></span> <span class='ocrx_word' id='word_1_83' title='bbox 1898 1305 2020 1352; x_wconf 89' lang='lat' dir='ltr'><strong><em>quos</em></strong></span> <span class='ocrx_word' id='word_1_84' title='bbox 2051 1289 2277 1351; x_wconf 76' lang='lat' dir='ltr'><em>inprimis</em></span> 
     </span>
     <span class='ocr_line' id='line_1_11' title="bbox 203 1373 2277 1441; baseline -0.001 -13"><span class='ocrx_word' id='word_1_85' title='bbox 203 1379 456 1428; x_wconf 89' lang='lat' dir='ltr'><strong><em>nominare</em></strong></span> <span class='ocrx_word' id='word_1_86' title='bbox 487 1378 599 1423; x_wconf 89' lang='lat' dir='ltr'><strong><em>licet</em></strong></span> <span class='ocrx_word' id='word_1_87' title='bbox 633 1376 707 1423; x_wconf 88' lang='lat' dir='ltr'><strong><em>M.</em></strong></span> <span class='ocrx_word' id='word_1_88' title='bbox 735 1374 962 1433; x_wconf 86' lang='lat' dir='ltr'><strong><em>Nielsen,</em></strong></span> <span class='ocrx_word' id='word_1_89' title='bbox 1004 1373 1184 1420; x_wconf 79' lang='lat' dir='ltr'><strong><em>scholoe</em></strong></span> <span class='ocrx_word' id='word_1_90' title='bbox 1215 1375 1571 1421; x_wconf 84' lang='lat' dir='ltr'><strong><em>moderatorem</em></strong></span> <span class='ocrx_word' id='word_1_91' title='bbox 1606 1376 1949 1433; x_wconf 87' lang='lat' dir='ltr'><strong><em>clarissimum,</em></strong></span> <span class='ocrx_word' id='word_1_92' title='bbox 1977 1378 2065 1440; x_wconf 91' lang='lat' dir='ltr'><strong><em>pio</em></strong></span> <span class='ocrx_word' id='word_1_93' title='bbox 2093 1388 2277 1441; x_wconf 82' lang='lat' dir='ltr'><strong><em>grato-</em></strong></span> 
     </span>
     <span class='ocr_line' id='line_1_12' title="bbox 202 1464 2275 1533; baseline -0 -17"><span class='ocrx_word' id='word_1_94' title='bbox 202 1485 294 1533; x_wconf 85' lang='lat' dir='ltr'><strong><em>que</em></strong></span> <span class='ocrx_word' id='word_1_95' title='bbox 322 1469 486 1515; x_wconf 90' lang='lat' dir='ltr'><strong><em>animo</em></strong></span> <span class='ocrx_word' id='word_1_96' title='bbox 519 1480 711 1528; x_wconf 77' lang='lat' dir='ltr'><strong><em>semper</em></strong></span> <span class='ocrx_word' id='word_1_97' title='bbox 730 1464 851 1511; x_wconf 83' lang='lat' dir='ltr'><strong><em>mihi</em></strong></span> <span class='ocrx_word' id='word_1_98' title='bbox 866 1464 1136 1519; x_wconf 85' lang='lat' dir='ltr'><strong><em>colendum,</em></strong></span> <span class='ocrx_word' id='word_1_99' title='bbox 1166 1481 1298 1511; x_wconf 89' lang='lat' dir='ltr'><strong><em>anno</em></strong></span> <span class='ocrx_word' id='word_1_100' title='bbox 1320 1466 1712 1514; x_wconf 89' lang='lat' dir='ltr'><em>MDCCCXXV</em></span> <span class='ocrx_word' id='word_1_101' title='bbox 1740 1468 1812 1513; x_wconf 88' lang='lat' dir='ltr'><strong><em>ad</em></strong></span> <span class='ocrx_word' id='word_1_102' title='bbox 1837 1468 2023 1514; x_wconf 88' lang='lat' dir='ltr'><strong><em>almam</em></strong></span> <span class='ocrx_word' id='word_1_103' title='bbox 2054 1477 2275 1515; x_wconf 88' lang='lat' dir='ltr'><strong><em>nostram</em></strong></span> 
     </span>
     <span class='ocr_line' id='line_1_13' title="bbox 209 1553 2275 1617; baseline -0.001 -11"><span class='ocrx_word' id='word_1_104' title='bbox 209 1558 587 1606; x_wconf 88' lang='lat' dir='ltr'><strong><em>Universitatem</em></strong></span> <span class='ocrx_word' id='word_1_105' title='bbox 622 1554 850 1602; x_wconf 83' lang='lat' dir='ltr'><strong><em>dimissus</em></strong></span> <span class='ocrx_word' id='word_1_106' title='bbox 882 1569 1008 1609; x_wconf 89' lang='lat' dir='ltr'><strong><em>sum,</em></strong></span> <span class='ocrx_word' id='word_1_107' title='bbox 1050 1560 1098 1600; x_wconf 79' lang='lat' dir='ltr'><strong><em>et</em></strong></span> <span class='ocrx_word' id='word_1_108' title='bbox 1116 1553 1182 1601; x_wconf 79' lang='lat' dir='ltr'><strong><em>in</em></strong></span> <span class='ocrx_word' id='word_1_109' title='bbox 1214 1554 1451 1611; x_wconf 82' lang='lat' dir='ltr'><strong><em>examine,</em></strong></span> <span class='ocrx_word' id='word_1_110' title='bbox 1497 1556 1630 1617; x_wconf 89' lang='lat' dir='ltr'><strong><em>quod</em></strong></span> <span class='ocrx_word' id='word_1_111' title='bbox 1660 1556 1994 1604; x_wconf 79' lang='lat' dir='ltr'><em>adolescentes</em></span> <span class='ocrx_word' id='word_1_112' title='bbox 2028 1558 2275 1604; x_wconf 87' lang='lat' dir='ltr'><strong><em>civitatem</em></strong></span> 
     </span>
     <span class='ocr_line' id='line_1_14' title="bbox 198 1643 2274 1708; baseline -0.001 -13"><span class='ocrx_word' id='word_1_113' title='bbox 198 1648 530 1695; x_wconf 79' lang='lat' dir='ltr'><strong><em>academicam</em></strong></span> <span class='ocrx_word' id='word_1_114' title='bbox 571 1645 837 1692; x_wconf 81' lang='lat' dir='ltr'><strong><em>ambientes</em></strong></span> <span class='ocrx_word' id='word_1_115' title='bbox 857 1673 860 1676; x_wconf 22' lang='grc' dir='ltr'><strong>Δ</strong></span> <span class='ocrx_word' id='word_1_116' title='bbox 880 1643 1110 1704; x_wconf 85' lang='lat' dir='ltr'><strong><em>subeunt,</em></strong></span> <span class='ocrx_word' id='word_1_117' title='bbox 1160 1644 1424 1690; x_wconf 87' lang='lat' dir='ltr'><strong><em>laudabilis</em></strong></span> <span class='ocrx_word' id='word_1_118' title='bbox 1470 1644 1775 1701; x_wconf 88' lang='lat' dir='ltr'><strong><em>declaratus,</em></strong></span> <span class='ocrx_word' id='word_1_119' title='bbox 1817 1646 2099 1708; x_wconf 81' lang='lat' dir='ltr'><strong><em>insequente</em></strong></span> <span class='ocrx_word' id='word_1_120' title='bbox 2140 1663 2274 1693; x_wconf 89' lang='lat' dir='ltr'><strong><em>anno</em></strong></span> 
     </span>
     <span class='ocr_line' id='line_1_15' title="bbox 195 1732 2273 1796; baseline -0.001 -11"><span class='ocrx_word' id='word_1_121' title='bbox 195 1739 361 1785; x_wconf 88' lang='lat' dir='ltr'><strong><em>eodem</em></strong></span> <span class='ocrx_word' id='word_1_122' title='bbox 394 1744 570 1784; x_wconf 89' lang='lat' dir='ltr'><strong><em>eventu</em></strong></span> <span class='ocrx_word' id='word_1_123' title='bbox 611 1750 814 1781; x_wconf 84' lang='lat' dir='ltr'><strong><em>examen</em></strong></span> <span class='ocrx_word' id='word_1_124' title='bbox 837 1732 1136 1796; x_wconf 76' lang='lat' dir='ltr'><strong><em>philologico</em></strong></span> <span class='ocrx_word' id='word_1_125' title='bbox 1146 1760 1176 1768; x_wconf 94' lang='lat'>-</span> <span class='ocrx_word' id='word_1_126' title='bbox 1180 1733 1577 1795; x_wconf 77' lang='lat' dir='ltr'><strong><em>philosophicum</em></strong></span> <span class='ocrx_word' id='word_1_127' title='bbox 1621 1735 1844 1781; x_wconf 88' lang='lat' dir='ltr'><strong><em>sustinui.</em></strong></span> <span class='ocrx_word' id='word_1_128' title='bbox 1922 1736 2003 1784; x_wconf 95' lang='lat' dir='ltr'><strong><em>Ab</em></strong></span> <span class='ocrx_word' id='word_1_129' title='bbox 2032 1736 2125 1782; x_wconf 78' lang='lat' dir='ltr'><strong><em>hoc</em></strong></span> <span class='ocrx_word' id='word_1_130' title='bbox 2157 1736 2273 1782; x_wconf 85' lang='lat' dir='ltr'><strong><em>inde</em></strong></span> 
     </span>
     <span class='ocr_line' id='line_1_16' title="bbox 194 1822 2268 1889; baseline -0.001 -15"><span class='ocrx_word' id='word_1_131' title='bbox 194 1838 410 1889; x_wconf 83' lang='lat' dir='ltr'><strong><em>tempore</em></strong></span> <span class='ocrx_word' id='word_1_132' title='bbox 443 1827 575 1872; x_wconf 85' lang='lat' dir='ltr'><strong><em>viam</em></strong></span> <span class='ocrx_word' id='word_1_133' title='bbox 608 1825 860 1885; x_wconf 87' lang='lat' dir='ltr'><strong><em>ingressus</em></strong></span> <span class='ocrx_word' id='word_1_134' title='bbox 888 1837 1012 1877; x_wconf 86' lang='lat' dir='ltr'><strong><em>sum,</em></strong></span> <span class='ocrx_word' id='word_1_135' title='bbox 1054 1822 1134 1867; x_wconf 87' lang='lat' dir='ltr'><strong><em>cui</em></strong></span> <span class='ocrx_word' id='word_1_136' title='bbox 1159 1822 1352 1868; x_wconf 89' lang='lat' dir='ltr'><strong><em>animus</em></strong></span> <span class='ocrx_word' id='word_1_137' title='bbox 1374 1823 1492 1885; x_wconf 87' lang='lat' dir='ltr'><strong><em>jam</em></strong></span> <span class='ocrx_word' id='word_1_138' title='bbox 1525 1831 1604 1868; x_wconf 89' lang='lat' dir='ltr'><strong><em>sat</em></strong></span> <span class='ocrx_word' id='word_1_139' title='bbox 1635 1833 1828 1871; x_wconf 87' lang='lat' dir='ltr'><strong><em>mature</em></strong></span> <span class='ocrx_word' id='word_1_140' title='bbox 1862 1826 2190 1872; x_wconf 80' lang='lat' dir='ltr'><strong><em>inclinaverat</em></strong></span> <span class='ocrx_word' id='word_1_141' title='bbox 2220 1836 2268 1871; x_wconf 93' lang='lat' dir='ltr'><strong><em>et</em></strong></span> 
     </span>
     <span class='ocr_line' id='line_1_17' title="bbox 195 1911 2272 1980; baseline -0 -17"><span class='ocrx_word' id='word_1_142' title='bbox 195 1934 342 1980; x_wconf 87' lang='lat' dir='ltr'><strong><em>quam</em></strong></span> <span class='ocrx_word' id='word_1_143' title='bbox 368 1924 546 1978; x_wconf 91' lang='lat' dir='ltr'><strong><em>postea</em></strong></span> <span class='ocrx_word' id='word_1_144' title='bbox 579 1913 843 1971; x_wconf 80' lang='lat' dir='ltr'><strong><em>indefessis</em></strong></span> <span class='ocrx_word' id='word_1_145' title='bbox 875 1911 1057 1958; x_wconf 85' lang='lat' dir='ltr'><strong><em>viribus</em></strong></span> <span class='ocrx_word' id='word_1_146' title='bbox 1082 1919 1370 1973; x_wconf 88' lang='lat' dir='ltr'><strong><em>persecutus</em></strong></span> <span class='ocrx_word' id='word_1_147' title='bbox 1403 1927 1537 1967; x_wconf 89' lang='lat' dir='ltr'><strong><em>sum,</em></strong></span> <span class='ocrx_word' id='word_1_148' title='bbox 1584 1913 1704 1958; x_wconf 89' lang='lat' dir='ltr'><strong><em>dum</em></strong></span> <span class='ocrx_word' id='word_1_149' title='bbox 1738 1916 1915 1961; x_wconf 82' lang='lat' dir='ltr'><strong><em>studiis</em></strong></span> <span class='ocrx_word' id='word_1_150' title='bbox 1945 1916 2272 1962; x_wconf 82' lang='lat' dir='ltr'><strong><em>medico-chi·-</em></strong></span> 
     </span>
     <span class='ocr_line' id='line_1_18' title="bbox 192 1999 2270 2068; baseline -0.001 -16"><span class='ocrx_word' id='word_1_151' title='bbox 192 2007 398 2068; x_wconf 87' lang='lat' dir='ltr'><strong><em>rurgicis</em></strong></span> <span class='ocrx_word' id='word_1_152' title='bbox 432 2012 584 2050; x_wconf 88' lang='lat' dir='ltr'><strong><em>totum</em></strong></span> <span class='ocrx_word' id='word_1_153' title='bbox 628 2018 703 2047; x_wconf 91' lang='lat' dir='ltr'><strong><em>me</em></strong></span> <span class='ocrx_word' id='word_1_154' title='bbox 737 2001 878 2056; x_wconf 88' lang='lat' dir='ltr'><strong><em>dedi,</em></strong></span> <span class='ocrx_word' id='word_1_155' title='bbox 918 2001 1091 2062; x_wconf 87' lang='lat' dir='ltr'><strong><em>quibus</em></strong></span> <span class='ocrx_word' id='word_1_156' title='bbox 1134 2000 1210 2046; x_wconf 93' lang='lat' dir='ltr'><strong><em>nil</em></strong></span> <span class='ocrx_word' id='word_1_157' title='bbox 1243 1999 1529 2061; x_wconf 80' lang='lat' dir='ltr'><strong><em>pulchrius,</em></strong></span> <span class='ocrx_word' id='word_1_158' title='bbox 1570 2000 1645 2046; x_wconf 90' lang='lat' dir='ltr'><strong><em>nil</em></strong></span> <span class='ocrx_word' id='word_1_159' title='bbox 1678 2005 2008 2064; x_wconf 82' lang='lat' dir='ltr'><strong><em>praestantius</em></strong></span> <span class='ocrx_word' id='word_1_160' title='bbox 2051 2006 2270 2067; x_wconf 79' lang='lat' dir='ltr'><strong><em>cognovi.</em></strong></span> 
     </span>
     <span class='ocr_line' id='line_1_19' title="bbox 192 2089 2265 2157; baseline -0.001 -14"><span class='ocrx_word' id='word_1_161' title='bbox 192 2097 262 2144; x_wconf 88' lang='lat' dir='ltr'><strong><em>At</em></strong></span> <span class='ocrx_word' id='word_1_162' title='bbox 291 2094 492 2157; x_wconf 87' lang='lat' dir='ltr'><strong><em>contigit</em></strong></span> <span class='ocrx_word' id='word_1_163' title='bbox 525 2109 712 2157; x_wconf 91' lang='lat' dir='ltr'><strong><em>quoque</em></strong></span> <span class='ocrx_word' id='word_1_164' title='bbox 743 2090 882 2149; x_wconf 79' lang='lat' dir='ltr'><strong><em>mihi,</em></strong></span> <span class='ocrx_word' id='word_1_165' title='bbox 926 2091 1058 2150; x_wconf 86' lang='lat' dir='ltr'><strong><em>quod</em></strong></span> <span class='ocrx_word' id='word_1_166' title='bbox 1089 2089 1169 2136; x_wconf 83' lang='lat' dir='ltr'><strong><em>vix</em></strong></span> <span class='ocrx_word' id='word_1_167' title='bbox 1202 2106 1364 2137; x_wconf 85' lang='lat' dir='ltr'><strong><em>omnes</em></strong></span> <span class='ocrx_word' id='word_1_168' title='bbox 1390 2089 1701 2152; x_wconf 79' lang='lat' dir='ltr'><strong><em>gloriantur,</em></strong></span> <span class='ocrx_word' id='word_1_169' title='bbox 1746 2100 1799 2137; x_wconf 87' lang='lat' dir='ltr'><strong><em>ut</em></strong></span> <span class='ocrx_word' id='word_1_170' title='bbox 1829 2093 1882 2138; x_wconf 91' lang='lat' dir='ltr'><strong><em>in</em></strong></span> <span class='ocrx_word' id='word_1_171' title='bbox 1916 2094 2068 2140; x_wconf 88' lang='lat' dir='ltr'><strong><em>variis</em></strong></span> <span class='ocrx_word' id='word_1_172' title='bbox 2100 2109 2265 2140; x_wconf 88' lang='lat' dir='ltr'><strong><em>rerum</em></strong></span> 
     </span>
     <span class='ocr_line' id='line_1_20' title="bbox 189 2180 2266 2247; baseline -0 -15"><span class='ocrx_word' id='word_1_173' title='bbox 189 2188 489 2233; x_wconf 82' lang='lat' dir='ltr'><strong><em>medicorum</em></strong></span> <span class='ocrx_word' id='word_1_174' title='bbox 526 2182 795 2245; x_wconf 89' lang='lat' dir='ltr'><strong><em>disciplinis</em></strong></span> <span class='ocrx_word' id='word_1_175' title='bbox 831 2182 978 2227; x_wconf 89' lang='lat' dir='ltr'><strong><em>duces</em></strong></span> <span class='ocrx_word' id='word_1_176' title='bbox 1014 2189 1163 2242; x_wconf 86' lang='lat' dir='ltr'><strong><em>atque</em></strong></span> <span class='ocrx_word' id='word_1_177' title='bbox 1200 2188 1532 2242; x_wconf 88' lang='lat' dir='ltr'><strong><em>praeceptores</em></strong></span> <span class='ocrx_word' id='word_1_178' title='bbox 1572 2180 1801 2228; x_wconf 79' lang='lat' dir='ltr'><strong><em>haberem</em></strong></span> <span class='ocrx_word' id='word_1_179' title='bbox 1830 2184 2082 2247; x_wconf 80' lang='lat' dir='ltr'><strong><em>principes</em></strong></span> <span class='ocrx_word' id='word_1_180' title='bbox 2116 2183 2266 2242; x_wconf 82' lang='lat' dir='ltr'><strong><em>viros,</em></strong></span> 
     </span>
     <span class='ocr_line' id='line_1_21' title="bbox 190 2270 2265 2339; baseline -0 -17"><span class='ocrx_word' id='word_1_181' title='bbox 190 2292 394 2339; x_wconf 87' lang='lat' dir='ltr'><strong><em>quorum</em></strong></span> <span class='ocrx_word' id='word_1_182' title='bbox 424 2274 699 2320; x_wconf 83' lang='lat' dir='ltr'><strong><em>nominibus</em></strong></span> <span class='ocrx_word' id='word_1_183' title='bbox 730 2273 903 2319; x_wconf 83' lang='lat' dir='ltr'><strong><em>civitas</em></strong></span> <span class='ocrx_word' id='word_1_184' title='bbox 935 2279 1106 2318; x_wconf 87' lang='lat' dir='ltr'><strong><em>nostra</em></strong></span> <span class='ocrx_word' id='word_1_185' title='bbox 1138 2270 1379 2333; x_wconf 85' lang='lat' dir='ltr'><strong><em>splendet,</em></strong></span> <span class='ocrx_word' id='word_1_186' title='bbox 1423 2286 1723 2334; x_wconf 87' lang='lat' dir='ltr'><strong><em>quorumque</em></strong></span> <span class='ocrx_word' id='word_1_187' title='bbox 1753 2274 1962 2334; x_wconf 84' lang='lat' dir='ltr'><strong><em>egregiis</em></strong></span> <span class='ocrx_word' id='word_1_188' title='bbox 1992 2273 2265 2321; x_wconf 86' lang='lat' dir='ltr'><strong><em>institutio-</em></strong></span> 
     </span>
     <span class='ocr_line' id='line_1_22' title="bbox 187 2360 2262 2423; baseline -0.001 -11"><span class='ocrx_word' id='word_1_189' title='bbox 187 2367 344 2422; x_wconf 87' lang='lat' dir='ltr'><strong><em>nibus,</em></strong></span> <span class='ocrx_word' id='word_1_190' title='bbox 378 2380 568 2411; x_wconf 89' lang='lat' dir='ltr'><strong><em>summa</em></strong></span> <span class='ocrx_word' id='word_1_191' title='bbox 602 2362 921 2418; x_wconf 87' lang='lat' dir='ltr'><strong><em>liberalitate,</em></strong></span> <span class='ocrx_word' id='word_1_192' title='bbox 965 2361 1313 2423; x_wconf 85' lang='lat' dir='ltr'><strong><em>loetissimaque</em></strong></span> <span class='ocrx_word' id='word_1_193' title='bbox 1358 2376 1479 2422; x_wconf 90' lang='lat' dir='ltr'><strong><em>erga</em></strong></span> <span class='ocrx_word' id='word_1_194' title='bbox 1518 2377 1595 2405; x_wconf 88' lang='lat' dir='ltr'><strong><em>me</em></strong></span> <span class='ocrx_word' id='word_1_195' title='bbox 1627 2360 1960 2408; x_wconf 79' lang='lat' dir='ltr'><strong><em>benevolentia</em></strong></span> <span class='ocrx_word' id='word_1_196' title='bbox 2002 2371 2049 2409; x_wconf 93' lang='lat' dir='ltr'><strong><em>et</em></strong></span> <span class='ocrx_word' id='word_1_197' title='bbox 2081 2362 2262 2422; x_wconf 80' lang='lat' dir='ltr'><strong><em>favore</em></strong></span> 
     </span>
     <span class='ocr_line' id='line_1_23' title="bbox 181 2449 2262 2520; baseline -0.001 -18"><span class='ocrx_word' id='word_1_198' title='bbox 181 2457 418 2520; x_wconf 87' lang='lat' dir='ltr'><strong><em>juvenilis</em></strong></span> <span class='ocrx_word' id='word_1_199' title='bbox 447 2454 639 2500; x_wconf 87' lang='lat' dir='ltr'><strong><em>animus</em></strong></span> <span class='ocrx_word' id='word_1_200' title='bbox 668 2453 739 2498; x_wconf 86' lang='lat' dir='ltr'><strong><em>ad</em></strong></span> <span class='ocrx_word' id='word_1_201' title='bbox 769 2453 936 2499; x_wconf 88' lang='lat' dir='ltr'><strong><em>omnia</em></strong></span> <span class='ocrx_word' id='word_1_202' title='bbox 971 2451 1098 2499; x_wconf 90' lang='lat' dir='ltr'><strong><em>bona</em></strong></span> <span class='ocrx_word' id='word_1_203' title='bbox 1121 2451 1434 2513; x_wconf 83' lang='lat' dir='ltr'><strong><em>flectebatur,</em></strong></span> <span class='ocrx_word' id='word_1_204' title='bbox 1467 2449 1621 2495; x_wconf 84' lang='lat' dir='ltr'><strong><em>docile</em></strong></span> <span class='ocrx_word' id='word_1_205' title='bbox 1648 2449 1898 2512; x_wconf 82' lang='lat' dir='ltr'><strong><em>ingenium</em></strong></span> <span class='ocrx_word' id='word_1_206' title='bbox 1919 2454 2158 2499; x_wconf 84' lang='lat' dir='ltr'><strong><em>audacter</em></strong></span> <span class='ocrx_word' id='word_1_207' title='bbox 2188 2454 2262 2500; x_wconf 89' lang='lat' dir='ltr'><strong><em>ad</em></strong></span> 
     </span>
     <span class='ocr_line' id='line_1_24' title="bbox 187 2539 2260 2608; baseline -0.003 -15"><span class='ocrx_word' id='word_1_208' title='bbox 187 2560 388 2608; x_wconf 88' lang='lat' dir='ltr'><strong><em>scopum</em></strong></span> <span class='ocrx_word' id='word_1_209' title='bbox 414 2542 723 2605; x_wconf 78' lang='lat' dir='ltr'><strong><em>propositum</em></strong></span> <span class='ocrx_word' id='word_1_210' title='bbox 767 2542 1009 2588; x_wconf 85' lang='lat' dir='ltr'><strong><em>tendebat.</em></strong></span> <span class='ocrx_word' id='word_1_211' title='bbox 1085 2540 1310 2589; x_wconf 88' lang='lat' dir='ltr'><strong><em>Adsiduo</em></strong></span> <span class='ocrx_word' id='word_1_212' title='bbox 1353 2539 1515 2601; x_wconf 84' lang='lat' dir='ltr'><strong><em>egitur</em></strong></span> <span class='ocrx_word' id='word_1_213' title='bbox 1556 2539 1719 2584; x_wconf 87' lang='lat' dir='ltr'><strong><em>studio</em></strong></span> <span class='ocrx_word' id='word_1_214' title='bbox 1754 2540 1945 2586; x_wconf 80' lang='lat' dir='ltr'><strong><em>scholas</em></strong></span> <span class='ocrx_word' id='word_1_215' title='bbox 1978 2541 2260 2587; x_wconf 77' lang='lat' dir='ltr'><strong><em>illustrissi-</em></strong></span> 
     </span>
     <span class='ocr_line' id='line_1_25' title="bbox 185 2628 2258 2694; baseline -0.003 -11"><span class='ocrx_word' id='word_1_216' title='bbox 185 2650 373 2683; x_wconf 90' lang='lat' dir='ltr'><strong><em>morum</em></strong></span> <span class='ocrx_word' id='word_1_217' title='bbox 407 2633 637 2692; x_wconf 85' lang='lat' dir='ltr'><strong><em>virorum,</em></strong></span> <span class='ocrx_word' id='word_1_218' title='bbox 671 2631 754 2694; x_wconf 91' lang='lat' dir='ltr'><strong><em>qui</em></strong></span> <span class='ocrx_word' id='word_1_219' title='bbox 779 2632 830 2676; x_wconf 90' lang='lat' dir='ltr'><strong><em>in</em></strong></span> <span class='ocrx_word' id='word_1_220' title='bbox 873 2631 1200 2680; x_wconf 75' lang='lat' dir='ltr'><strong><em>Universitate</em></strong></span> <span class='ocrx_word' id='word_1_221' title='bbox 1233 2638 1282 2674; x_wconf 84' lang='lat' dir='ltr'><strong><em>et</em></strong></span> <span class='ocrx_word' id='word_1_222' title='bbox 1308 2628 1581 2675; x_wconf 84' lang='lat' dir='ltr'><strong><em>Academia</em></strong></span> <span class='ocrx_word' id='word_1_223' title='bbox 1615 2629 1893 2691; x_wconf 80' lang='lat' dir='ltr'><strong><em>chirurgica</em></strong></span> <span class='ocrx_word' id='word_1_224' title='bbox 1926 2632 2066 2692; x_wconf 83' lang='lat' dir='ltr'><strong><em>regia</em></strong></span> <span class='ocrx_word' id='word_1_225' title='bbox 2097 2640 2258 2678; x_wconf 86' lang='lat' dir='ltr'><strong><em>artem</em></strong></span> 
     </span>
     <span class='ocr_line' id='line_1_26' title="bbox 181 2719 2256 2789; baseline -0.002 -17"><span class='ocrx_word' id='word_1_226' title='bbox 181 2721 590 2789; x_wconf 84' lang='lat' dir='ltr'><strong><em>Hippocraticam</em></strong></span> <span class='ocrx_word' id='word_1_227' title='bbox 624 2722 852 2777; x_wconf 87' lang='lat' dir='ltr'><strong><em>tradunt,</em></strong></span> <span class='ocrx_word' id='word_1_228' title='bbox 888 2719 1213 2784; x_wconf 81' lang='lat' dir='ltr'><strong><em>frequentavi</em></strong></span> <span class='ocrx_word' id='word_1_229' title='bbox 1256 2725 1304 2761; x_wconf 87' lang='lat' dir='ltr'><strong><em>et</em></strong></span> <span class='ocrx_word' id='word_1_230' title='bbox 1341 2733 1439 2779; x_wconf 86' lang='lat' dir='ltr'><strong><em>per</em></strong></span> <span class='ocrx_word' id='word_1_231' title='bbox 1471 2719 1846 2779; x_wconf 81' lang='lat' dir='ltr'><strong><em>quadriennium</em></strong></span> <span class='ocrx_word' id='word_1_232' title='bbox 1891 2721 2062 2766; x_wconf 85' lang='lat' dir='ltr'><strong><em>audivi</em></strong></span> <span class='ocrx_word' id='word_1_233' title='bbox 2096 2722 2256 2767; x_wconf 80' lang='lat' dir='ltr'><strong><em>Schu-</em></strong></span> 
     </span>
     <span class='ocr_line' id='line_1_27' title="bbox 182 2809 2251 2875; baseline -0.003 -11"><span class='ocrx_word' id='word_1_234' title='bbox 182 2816 390 2875; x_wconf 74' lang='lat' dir='ltr'><strong><em>macher,</em></strong></span> <span class='ocrx_word' id='word_1_235' title='bbox 424 2812 686 2874; x_wconf 76' lang='lat' dir='ltr'><strong><em>Saxtorpk‚</em></strong></span> <span class='ocrx_word' id='word_1_236' title='bbox 718 2812 984 2868; x_wconf 80' lang='lat' dir='ltr'><strong><em>Herholdt,</em></strong></span> <span class='ocrx_word' id='word_1_237' title='bbox 1016 2812 1180 2873; x_wconf 85' lang='lat' dir='ltr'><strong><em>Bang,</em></strong></span> <span class='ocrx_word' id='word_1_238' title='bbox 1209 2809 1461 2870; x_wconf 86' lang='lat' dir='ltr'><strong><em>Lunding‚</em></strong></span> <span class='ocrx_word' id='word_1_239' title='bbox 1493 2810 1770 2864; x_wconf 74' lang='lat' dir='ltr'><strong><em>Escliriclzt,</em></strong></span> <span class='ocrx_word' id='word_1_240' title='bbox 1803 2811 2081 2867; x_wconf 77' lang='lat' dir='ltr'><strong><em>Col-smann,</em></strong></span> <span class='ocrx_word' id='word_1_241' title='bbox 2115 2815 2251 2860; x_wconf 91' lang='lat' dir='ltr'><strong><em>Fen—</em></strong></span> 
     </span>
     <span class='ocr_line' id='line_1_28' title="bbox 176 2899 2253 2970; baseline -0.002 -17"><span class='ocrx_word' id='word_1_242' title='bbox 176 2922 285 2970; x_wconf 85' lang='lat' dir='ltr'><strong><em>ger,</em></strong></span> <span class='ocrx_word' id='word_1_243' title='bbox 335 2904 615 2959; x_wconf 80' lang='lat' dir='ltr'><strong><em>Witbusen,</em></strong></span> <span class='ocrx_word' id='word_1_244' title='bbox 656 2901 886 2959; x_wconf 84' lang='lat' dir='ltr'><strong><em>Callisen,</em></strong></span> <span class='ocrx_word' id='word_1_245' title='bbox 947 2901 1085 2962; x_wconf 80' lang='lat' dir='ltr'><strong><em>Thal,</em></strong></span> <span class='ocrx_word' id='word_1_246' title='bbox 1126 2901 1257 2949; x_wconf 88' lang='lat' dir='ltr'><strong><em>viros</em></strong></span> <span class='ocrx_word' id='word_1_247' title='bbox 1285 2899 1605 2960; x_wconf 85' lang='lat' dir='ltr'><strong><em>clarissimos,</em></strong></span> <span class='ocrx_word' id='word_1_248' title='bbox 1645 2900 1872 2962; x_wconf 87' lang='lat' dir='ltr'><strong><em>singulas</em></strong></span> <span class='ocrx_word' id='word_1_249' title='bbox 1912 2902 2037 2949; x_wconf 87' lang='lat' dir='ltr'><strong><em>artis</em></strong></span> <span class='ocrx_word' id='word_1_250' title='bbox 2069 2910 2253 2950; x_wconf 74' lang='lat' dir='ltr'><strong><em>nostroe</em></strong></span> 
     </span>
    </p>
   </div>
  </div>
 </body>
</html>
