2555 3236
2211 244 2272 289 15

229 377 369 441 que);
406 386 456 423 et
490 377 863 436 aptissime‘non
900 376 1051 422 solum
1088 373 1247 420 forum
1284 375 1517 427 nominat,
1564 375 1612 419 in
1652 390 1745 436 quo
1782 371 2061 418 abundabat
2092 372 2208 419 illud
2245 389 2336 418 no-

227 466 430 520 biscum,
463 467 547 511 sed
581 481 718 511 usum
753 481 941 527 quoque
973 462 1214 526 privatum
1237 461 1484 521 significat,
1519 478 1658 523 quern
1692 479 1778 508 cur
1803 461 2014 507 Orellius
2049 463 2338 524 neutiquam

223 555 422 615 intelligi
457 545 600 607 dieat,
633 570 730 600 non
765 556 917 600 video.
993 554 1112 598 Erat
1139 549 1328 596 Caelius
1353 556 1492 608 pater
1525 566 1670 612 eques
1708 550 2027 609 municipalis,
2067 559 2121 598 ut
2159 552 2333 598 Sextus

222 642 456 697 Roscius,
503 651 557 688 ut
594 645 697 702 ipse
731 644 976 689 Ciceronis
1016 635 1230 700 pater.¹)
1313 637 1430 682 Post
1474 653 1649 697 paucos
1685 655 1848 686 versus
1896 640 2085 698 nescio,
2134 656 2220 686 cur
2260 640 2336 687 illa

219 730 441 776 habitam
474 747 579 777 esse
615 746 859 775 summam
901 728 1143 789 hodieque
1185 724 1359 771 haberi
1400 725 1609 772 Orellius
1658 731 1832 773 mutari
1867 728 2007 787 velit,
2054 744 2198 789 quum
2234 730 2337 790 ipse

230 820 522 881 reliquorum
557 820 774 865 codicum
808 816 974 863 turbas
1006 814 1299 863 intellexerit
1333 820 1462 861 ortas
1497 829 1600 860 esse
1636 830 1689 861 ea
1717 816 2039 876 interpolandi
2070 817 2336 876 sedulitate,

221 925 325 968 quae
358 910 407 954 in
443 907 701 953 Parisiensi
737 920 926 966 quoque
960 906 1137 962 codice,
1183 919 1328 965 quum
1363 905 1520 964 prima
1557 920 1725 949 manus
1760 905 1885 949 hanc
1920 904 2175 949 lectionem
2213 909 2336 950 scri—

215 999 414 1055 psisset,
464 997 703 1055 corrigere
748 994 963 1039 tantavit.
1039 992 1186 1051 Quod
1231 999 1391 1037 autem
1439 992 1731 1037 Lambinum
1779 993 1967 1046 laudat,
2014 994 2095 1053 qui
2132 996 2334 1039 senserit

213 1086 410 1145 proprie
438 1085 616 1146 requiri
647 1090 796 1144 atque
833 1080 1100 1142 hodieque,
1143 1080 1254 1140 (hoe
1290 1087 1378 1135 est,
1427 1079 1572 1125 hodie
1608 1081 1845 1144 quoque),
1891 1082 2120 1126 nimirum
2151 1083 2333 1127 rariore

213 1181 260 1219 et
295 1173 608 1235 elegantiore,
667 1187 809 1234 quam
841 1170 1075 1231 putabat,
1129 1185 1247 1217 voce
1281 1170 1561 1215 Ciceronem
1610 1171 1753 1215 beare
1789 1170 1970 1225 voluit,
2018 1172 2097 1231 qui
2145 1177 2331 1215 tantum

213 1264 347 1308 abest
381 1269 435 1306 ut
469 1277 572 1307 eam
610 1261 870 1317 desideret,
915 1266 972 1303 ut
1003 1273 1159 1319 neque
1193 1260 1295 1317 ipse
1330 1273 1484 1318 neque
1520 1259 1683 1303 Livius
1734 1275 1887 1320 neque
1926 1259 2050 1303 ullus
2086 1261 2328 1319 antiquior

212 1367 265 1395 ea
298 1366 413 1396 usus
448 1346 793 1409 reperiatur.2)

385 1438 437 1483 C.
470 1441 518 1495 4,
551 1443 618 1489 '10
652 1438 810 1481 editur
851 1437 946 1480 iam
995 1435 1107 1480 in'de
1153 1451 1180 1479 a
1214 1436 1381 1480 Junta:
1430 1437 1490 1480 ad
1524 1450 1667 1496 quem
1705 1435 2000 1498 (Catilinam)
2049 1436 2093 1481 si
2122 1437 2329 1483 accessit

211 1532 301 1570 (cut
333 1523 376 1571 si
402 1540 438 1570 α
471 1539 547 1569 me
576 1522 800 1571 climessit
833 1537 1055 1586 unquam
1089 1523 1410 1586 (quamquam
1435 1523 1579 1567 multi
1612 1524 1727 1569 boni
1760 1523 2096 1569 adolescentes
2121 1525 2208 1569 illo
2233 1524 2328 1569 720-

209 1612 328 1658 mini
361 1628 575 1673 nequam
610 1619 760 1673 atque
795 1611 1015 1672 improbo
1051 1610 1383 1669 studuerunt),
1418 1619 1522 1655 tum
1557 1612 1862 1656 existimetur
1883 1612 2076 1658 Caelius
2102 1615 2329 1659 Catilinae

209 1700 413 1745 nimium
435 1698 718 1758 familiaris
738 1698 937 1756 fuisse3
968 1706 1070 1743 tum
1106 1700 1166 1743 ad
1199 1701 1481 1743 sententiam
1520 1699 1645 1743 male
1668 1726 1730 1732 —
1753 1694 1862 1745 nam
1899 1702 1967 1744 sic
2002 1700 2118 1746 illud
2150 1717 2330 1761 quam-

210 1804 358 1850 quam
394 1788 718 1847 superioribus
751 1788 1037 1841 adnectitur,
1086 1789 1135 1831 in
1165 1786 1335 1847 quibus
1372 1787 1490 1832 nihil
1523 1795 1609 1845 est,
1643 1788 1700 1832 ad
1738 1789 1867 1848 quod
1904 1787 2158 1846 referatur,
2184 1796 2233 1834 et
2262 1791 2327 1835 ita

206 1879 309 1922 haec
341 1878 589 1931 dicuntur,
634 1882 860 1935 tanquam
908 1873 1117 1933 postulet
1152 1875 1318 1919 Cicero
1365 1890 1585 1934 magnam
1629 1870 1836 1936 aliquam
1886 1883 1936 1920 et
1982 1875 2221 1921 difficilem
2256 1880 2325 1922 rei

208 1966 564 2025 probationem,
613 1980 758 2024 quum
796 1966 948 2009 oratio
984 1966 1045 2008 sit
1076 1966 1396 2023 permittentis
1431 1971 1480 2008 et
1514 1966 1844 2023 concedentis,
1895 1967 1934 2011 si
1970 1964 2046 2011 vel
2087 1965 2325 2013 levissima

209 2055 382 2099 iudicia
414 2051 719 2112 proferantur
749 2078 815 2084 —
851 2058 898 2095 et
940 2058 1107 2096 contra
1139 2067 1278 2096 usum
1314 2050 1563 2111 loquendi,
1613 2052 1730 2099 illud
1764 2061 1871 2098 tum
1905 2061 2015 2114 post
2047 2053 2165 2099 siin
2200 2069 2324 2114 apo-

210 2143 310 2187 dosi
347 2147 671 2199 respuentem,
705 2141 791 2184 etsi
822 2140 993 2183 dicitur
1022 2146 1127 2184 tum
1162 2140 1374 2192 demum,
1413 2140 1470 2193 si,
1508 2147 1557 2185 et
1587 2149 1753 2188 contra
1787 2145 1976 2188 codices
2013 2144 2180 2201 bonOS,
2216 2159 2325 2189 ma-

208 2230 278 2274 los
315 2227 507 2289 (Paris,
551 2228 749 2283 Bernn.,
789 2226 914 2284 Erf„
961 2227 1108 2288 Oxx.)
1157 2235 1205 2272 et
1248 2218 1480 2273 editiones
1533 2237 1727 2274 veteres.
1809 2230 2042 2290 Apodosis
2087 2233 2254 2290 incipit
2299 2249 2325 2275 a

302 2405 337 2445 ι)
384 2401 465 2435 Vix
490 2407 620 2434 notatu
647 2400 825 2445 dignum,
862 2404 937 2435 nisi
962 2412 1008 2436 ne
1030 2402 1122 2446 qnid
1150 2405 1295 2447 proprii
1322 2401 1411 2436 boni
1438 2401 1646 2438 Beruenses
1677 2404 2040 2450 habereqnuentur,
2068 2408 2177 2439 etiam
2206 2405 2323 2439 Paris.

383 2472 417 2496 c.
441 2461 520 2507 3,ss
546 2460 685 2494 habere
712 2467 797 2494 sunt
822 2462 931 2502 enim,
959 2473 1037 2496 non
1065 2465 1212 2496 etenim.
1253 2462 1318 2496 Est
1344 2466 1455 2496 etiam
1478 2468 1517 2497 in
1545 2465 1599 2499 ed.
1630 2476 1659 2498 a.
1693 2467 1795 2509 1472.

290 2537 327 2579 2)
376 2535 487 2570 Dixit
506 2535 579 2568 hoc
610 2542 694 2568 ante
719 2536 859 2569 multos
883 2548 1001 2571 almos
1027 2535 1253 2582 Scioppius,
1284 2540 1346 2571 cui
1380 2539 1659 2581 imperitissime
1687 2537 1872 2575 Cellarius
1899 2548 1935 2574 et
1962 2538 2204 2583 Borrichius,
2239 2539 2322 2574 Du-

383 2598 475 2630 kero
504 2604 657 2638 quoque
692 2602 730 2627 et
756 2594 1070 2629 Drakenborchio
1105 2597 1166 2636 (ad
1200 2596 1281 2631 Liv.
1307 2596 1353 2635 V,
1381 2608 1435 2640 27,
1465 2600 1498 2639 ι)
1529 2597 1849 2639 adsentientibus,
1888 2607 2148 2644 opposuerunt
2175 2599 2250 2633 Cic.
2276 2601 2323 2634 de

366 2658 475 2691 'or-at.
506 2668 535 2696 1,
564 2667 619 2698 22,
644 2654 755 2688 Verr.
779 2655 826 2695 V,
842 2656 884 2688 25
901 2657 1100 2699 (poteraut
1123 2656 1256 2690 eodem
1277 2658 1360 2690 iure
1387 2656 1486 2691 huuc
1509 2656 1688 2694 Caelianae
1717 2662 1844 2695 locum
1869 2668 1905 2695 et
1931 2661 2040 2702 alios)
2067 2658 2196 2696 etLiv.
2225 2660 2254 2701 Ι,
2282 2672 2322 2706 ι7

383 2724 420 2750 et
444 2715 492 2756 V,
512 2719 545 2754 4,
582 2717 687 2758 quasi
715 2717 746 2748 is
773 2715 947 2761 hodieque
982 2719 1023 2749 iu
1050 2715 1315 2757 coniungendo
1354 2718 1404 2757 (et
1430 2718 1548 2757 hodie)
1576 2720 1650 2752 diei
1677 2728 1866 2764 negasset.
1927 2720 2074 2753 Deinde
2101 2720 2129 2752 1.
2155 2721 2192 2754 1².
2222 2720 2324 2754 Gro-

382 2778 517 2809 novius
545 2774 719 2818 pluribus
744 2773 843 2808 Livii
877 2775 971 2808 loeis
999 2774 1141 2808 inferre
1168 2774 1206 2808 id
1234 2774 1461 2811 vocabulum
1487 2779 1623 2812 voluit.
1684 2778 1777 2823 Qnae
1801 2782 1914 2824 paulo
1941 2788 2023 2824 post
2049 2791 2100 2813 ex
2128 2779 2321 2814 Garatonii

380 2838 480 2869 notis
491 2831 661 2868 Orellius
686 2833 731 2867 de
751 2833 969 2867 Puteolanis
991 2834 1182 2877 excerpsit
1202 2840 1239 2867 et
1266 2833 1313 2867 de
1337 2834 1569 2878 praeseeturis
1589 2837 1703 2872 huius
1729 2844 1908 2884 temporis
1933 2839 2088 2881 addidit,
2119 2851 2195 2872 non
2222 2847 2319 2873 roem

380 2905 482 2935 esse,
515 2897 603 2928 satis
629 2894 880 2929 demonstravi
905 2896 945 2928 in
969 2893 1224 2937 disputatione
1249 2893 1296 2927 de
1328 2895 1491 2930 coloniis
1515 2896 1704 2932 Romanis.
1763 2898 1837 2933 Sed
1864 2900 2065 2932 I’uoeolam'
2099 2899 2218 2932 nilnlo
2245 2902 2317 2931 mi-

381 2967 452 2988 nus
478 2954 552 2988 huc
581 2966 654 2988 non
682 2957 885 2999 pertinent.
