2555 3236
2175 189 2236 236 21

222 337 333 370 nem
367 323 426 369 de
462 336 601 369 causa
634 318 824 379 laboris,
867 319 926 367 ad
959 314 1099 384 quam
1132 319 1250 368 nihil
1279 319 1611 382 respondetur,
1660 319 1834 380 intulit,
1872 327 1933 380 et,
1980 337 2008 368 a
2042 321 2304 373 sententia—

223 429 333 459 rum
362 427 614 474 progressu
640 411 874 469 aberrans,
909 426 1003 470 pro·
1020 411 1318 457 conclusione
1334 412 1674 471 ,repetitionem
1691 414 2006 472 >superiorum
2032 415 2190 460 verbis
2216 429 2303 461 va-

223 504 395 549 riatam
432 501 586 547 effecit
619 496 690 561 (in
720 499 1026 562 hoc-genere
1059 499 1251 545 labores
1285 499 1601 546 consumendi
1635 515 1799 546 omnes
1812 516 1832 559 ,·
1884 504 1998 563 quid
2031 510 2103 549 est
2133 511 2308 563 autem,

227 591 422 637 labores
454 605 734 636 consumere
764 605 929 635 omnes
943 588 1067 651 ?)·et
1086 591 1294 650 ‘vestigia
1326 592 1541 637 codicum
1577 592 1695 636 adeo
1730 608 1826 637 non
1854 594 2044 652 pressit,
2077 602 2143 652 ut,
2178 596 2304 655 quod

223 683 534 727 certissimum
551 689 622 726 est
644 681 869 726 indicium
882 679 1224 724 emendationis
1236 678 1488 725 infeliciter
1509 682 1746 726 etincerta
1760 681 2103 743 fluctuantique
2117 685 2302 729 ratione

220 777 429 828 tentatae,
473 772 712 829 optionem
747 769 828 814 det
860 769 986 814 inter
1019 767 1134 813 duas
1170 767 1505 814 diversissimas
1539 770 1846 829 coniecturas),
1876 770 2097 816 alteram:
2131 771 2182 816 in
2212 772 2304 817 hoc

219 874 397 920 genere
431 858 622 904 labores
656 854 972 904 consumendi
997 852 1330 920 (conficiendi)
1366 871 1547 914 omnes,
1583 856 1776 902 alteram
1803 872 1899 903 uno
1921 858 1973 904 in
2006 858 2097 905 hoc
2125 875 2304 921 genere

220 947 574 995 elaborandum
609 952 682 992 est
694 960 720 1005 ,··
757 943 902 1009 (qnod
936 945 1017 1007 qui
1051 951 1242 1005 poterat
1274 945 1439 991 Cicero
1475 951 1558 989 aut
1591 947 1835 1007 quisquam
1881 947 2000 992 alius
2034 951 2210 1007 dicere,
2254 953 2303 995 in

222 1038 325 1084 sola
355 1036 621 1097 eloquentia
641 1051 743 1081 esse
764 1034 1098 1084 elaborandum
1113 1031 1155 1095 ?)
1190 1035 1254 1079 Et
1271 1042 1431 1080 tamen
1452 1037 1637 1080 codices
1659 1038 1809 1095 ipsam
1830 1036 2031 1082 formam
2058 1042 2306 1085 sententiae

218 1143 360 1187 paene
393 1128 623 1186 integram
643 1132 860 1206 ¹servant,
892 1126 943 1172 in
973 1123 1185 1184 partibus
1219 1126 1455 1185 corrupti3
1499 1141 1609 1171 nam
1644 1132 1694 1171 et
1725 1141 1890 1174 vocem
1924 1141 2077 1188 quare
2107 1128 2306 1174 conclu·-

220 1218 366 1263 sionis
399 1218 603 1262 indicem
635 1215 813 1261 habent
840 1221 912 1274 et,
939 1214 1083 1261 modo
1115 1219 1245 1260 recte
1276 1213 1422 1261 verb'a
1457 1229 1659 1275 separes,
1693 1212 1834 1260 labor
1872 1215 2139 1263 subiectum
2169 1218 2302 1264 verbi

222 1307 447 1364 deterret,
481 1308 557 1351 cui
590 1306 878 1351 contrarium
914 1302 1121 1350 infertur
1152 1301 1270 1348 illud
1299 1317 1398 1348 non
1429 1318 1549 1365 quo:
1602 1303 1770 1360 Quare
1812 1304 1863 1350 in
1896 1304 1987 1350 hoc
2011 1320 2190 1367 genere
2221 1306 2304 1352 la·—

222 1395 311 1441 bor
453 1393 671 1440 homines
692 1380 734 1438 'a
766 1391 929 1438 studio
1069 1392 1296 1446 deterret,
1325 1406 1425 1437 non
1458 1406 1553 1453 quo
1588 1400 1675 1437 etc.
1742 1392 1927 1448 Restat,
1962 1401 2016 1439 ut
2032 1402 2141 1454 post
2165 1394 2304 1440 labor

222 1499 284 1531 ex
317 1483 398 1530 illo
432 1482 611 1543 efiendi
634 1482 765 1545 (nam
785 1479 1073 1541 conficiendi
1106 1487 1155 1526 et
1185 1478 1451 1539 confitendi
1478 1483 1604 1527 unde
1634 1484 1865 1542 originem
1899 1483 2118 1540 habeant,
2153 1500 2300 1546 quum

220 1574 484 1631 videamus,
524 1572 785 1618 omittenda
818 1568 945 1630 sunt)
986 1569 1291 1630 exsculpatur
1335 1573 1566 1617 eiusmodi
1597 1571 1904 1631 vocabulum,
1945 1575 2072 1633 quod
2105 1580 2153 1618 et
2183 1573 2302 1619 reli-

222 1680 364 1724 quam
409 1662 584 1707 salvam
627 1667 822 1721 praestet
863 1667 1151 1706 structuram
1191 1647 1241 1705 et
1282 1658 1401 1706 illud
1446 1660 1726 1722 studioque,
1781 1662 1907 1723 quod
1952 1669 2026 1709 est
2056 1663 2107 1707 in
2152 1662 2303 1719 codd„

219 1760 382 1813 aptum
417 1753 605 1810 reddat3
655 1767 767 1797 nam
801 1750 1056 1811 quodtres
1091 1747 1422 1808 OxonienseS,
1443 1749 1617 1796 nullius
1653 1752 1968 1811 auctoritatis,
2018 1751 2300 1806 encliticam,

218 1858 366 1902 quum
398 1840 516 1887 nihil
550 1840 796 1898 haberent,
840 1839 966 1901 quod
1000 1853 1057 1883 ea
1086 1837 1327 1891 facerent,
1369 1838 1696 1897 excluserunt,
1738 1842 1798 1886 ad
1832 1857 1921 1886 nos
1950 1857 2047 1885 non
2080 1842 2299 1899 pertinet.

218 1931 496 1991 Legendum
533 1937 605 1974 est
636 1930 801 1989 igitur:
858 1927 1026 1984 Quare
1058 1925 1109 1971 in
1152 1925 1242 1972 lzoc
1271 1941 1450 1989 genere
1494 1927 1633 1973 labor
1677 1928 1974 1987 offendit
2015 1929 2233 1974 homines
2266 1946 2297 1972 a

221 2017 477 2079 studioque
511 2016 750 2071 deterret,
795 2031 894 2061 non
930 2030 1027 2077 quo
1060 2022 1149 2061 etc.
1227 2016 1325 2060 Iam
1359 2031 1419 2061 ex
1464 2017 1660 2062 salebris
1695 2020 1994 2062 emersimus.
2066 2017 2299 2076 Exemplo

221 2108 361 2154 simul
394 2122 492 2152 non
524 2122 620 2151 uno
654 2106 797 2150 modo
829 2107 1204 2149 demonstratum
1240 2112 1324 2162 est,
1358 2108 1472 2166 quid
1504 2109 1582 2160 sit,
1615 2113 1668 2150 ut
1702 2108 1816 2164 dixi,
1841 2110 1894 2152 in
1927 2105 2095 2152 Orellii
2128 2106 2298 2151 huius-

220 2198 352 2242 modi
372 2197 587 2240 locorum
610 2196 888 2240 uectatione
914 2194 1278 2253 improbandum
1293 2228 1307 2252 ,
1339 2196 1389 2240 in
1417 2195 1615 2244 aliorum
1639 2197 1829 2256 quidem
1863 2195 2123 2241 multorum
2146 2193 2299 2240 multo

219 2288 389 2346 magis.
468 2287 693 2331 Ceterum
735 2285 816 2345 qui
856 2284 1068 2329 nondum
1103 2284 1326 2342 credunt,
1367 2292 1477 2345 post
1520 2293 1592 2333 tot
1633 2287 1842 2332 virorum
1884 2300 2047 2344 curas,
2085 2285 2167 2345 qui
2209 2282 2300 2329 hoc

220 2380 394 2436 ipsum,
422 2377 607 2433 scriptis
640 2381 856 2420 veterum
890 2374 1076 2419 assidue
1109 2375 1366 2433 immorari,
1394 2375 1573 2422 bonum
1596 2391 1712 2434 opus
1734 2372 1984 2434 putabant,
2020 2388 2212 2434 prorsus
2239 2374 2298 2417 de

219 2469 409 2525 integro
441 2463 698 2509 multarum
733 2464 1000 2509 orationum
1017 2463 1255 2509 Ciceronis
1290 2466 1666 2511 emendationem
1701 2480 1805 2510 esse
1839 2464 2191 2520 instituendam,
2241 2462 2299 2506 iis

219 2570 376 2612 narro,
410 2555 450 2598 si
484 2554 587 2613 quis
620 2567 784 2598 omnes
817 2559 928 2598 ante
952 2551 1265 2598 Garatonium
1298 2555 1498 2599 editores
1528 2554 1908 2615 interpretesque
1939 2552 2218 2608 adhibuerit,
2255 2553 2295 2595 si

222 2645 431 2691 editione
462 2642 724 2688 Oxoniensi
756 2644 987 2696 caruerit,
1030 2658 1091 2688 ne
1135 2641 1334 2688 verbum
1377 2643 1567 2703 quidem
1602 2659 1756 2705 neque
1797 2645 1856 2690 de
1889 2642 1982 2689 loci
2022 2638 2301 2687 difficultate

217 2748 372 2796 neque
416 2733 475 2778 de
518 2734 766 2792 scripturae
810 2732 1026 2777 codicum
1070 2733 1381 2793 discrepantia
1426 2748 1454 2777 a
1498 2733 1688 2793 vulgata
1732 2741 2052 2794 reperturum.
2137 2730 2298 2775 Gara-

215 2826 375 2870 tonius
409 2822 706 2877 admonebit,
749 2837 837 2883 pro
872 2820 1066 2867 dicendi
1089 2823 1288 2883 reperiri
1321 2822 1464 2867 etiam
1499 2821 1730 2868 discendi.
1796 2823 1860 2869 Et
1892 2825 1932 2868 is
1968 2822 2158 2884 quidem
2194 2821 2297 2864 sine

216 2912 356 2974 culpa
391 2921 475 2973 est,
509 2914 731 2976 quoniam
755 2913 857 2975 ipse
885 2910 1007 2958 solas
1041 2919 1224 2961 veteres
1257 2912 1488 2959 editiones
1522 2915 1616 2960 iam
1650 2913 1958 2975 interpolatas
1989 2912 2081 2958 hoc
2114 2909 2218 2954 loco
2249 2914 2295 2951 et
