2555 3236
273 279 336 324 10

200 411 354 465 liena,
402 416 511 467 post
546 408 841 455 Classenium
878 405 1159 452 Cluentiana
1195 403 1392 466 aliisque
1423 404 1604 467 aliquot
1658 404 1922 454 ‘avocemur
1967 410 2027 454 ad
2081 411 2321 456 orationes

204 506 371 543 contra
407 497 634 552 Rullum,
667 513 758 557 pro
789 496 1015 552 Rabirio,
1048 494 1323 538 eiusdemve
1356 495 1647 540 condicionis
1679 495 1810 540 alias.
1895 497 1988 542 Sed
2025 497 2101 544 vel
2136 499 2202 543 sic
2237 514 2325 543 ve-

206 589 319 631 ritas
356 593 477 631 teste
504 602 603 631 non
638 591 783 630 caret.
852 584 977 628 Nam
1014 589 1065 626 et
1098 583 1203 626 edd.
1240 585 1450 643 antiquae
1486 599 1653 629 omnes
1688 582 1749 645 (a.
1792 590 1938 638 1472,
1976 603 2017 631 a.
2054 592 2198 643 1480,
2233 587 2323 632 ‹le—

204 676 349 734 nique
388 674 626 720 Venetam
670 671 1015 717 Bartholomaei
1060 671 1119 714 de
1167 670 1308 722 Zanis
1356 672 1416 715 de
1463 672 1682 716 Portesio
1730 688 1770 718 a.
1810 677 1941 729 1499
1975 675 2081 732 ipse
2115 675 2324 738 inspexi)

206 763 387 808 habent
420 759 837 818 labefactandam
871 767 921 805 et
959 759 1089 804 idem
1123 773 1183 802 ex
1224 759 1328 803 cod.
1361 774 1459 803 uno
1493 760 1758 805 Oxcniensi
1794 767 1989 805 notatur
2010 759 2066 821 ¹).
2165 760 2324 823 Atque

210 850 313 895 haec
342 849 421 895 alii
456 866 518 895 ex
553 850 803 894 Cicerone.
873 848 969 892 Sed
1004 861 1115 891 ecce
1150 846 1502 891 Ranishornius
1536 848 1688 892 multo
1724 848 1862 907 plura
1894 848 2041 893 habet
2077 846 2120 909 (§
2157 852 2268 907 169,
2291 855 2323 901 4

207 954 245 982 a.
281 953 328 997 p.
363 941 461 990 646
489 946 538 983 et
572 946 672 982 not.
708 937 743 980 1.
778 952 820 983 a.
855 951 901 994 p.
938 935 1084 994 650);
1130 937 1339 994 primum
1379 936 1440 979 ad
1474 936 1607 980 Fam.
1645 936 1716 994 V,
1753 943 1814 989 17
1859 952 2016 997 neque
2050 936 2122 980 ad
2146 952 2324 980 conso-

204 1026 411 1070 landum
446 1041 605 1086 neque
639 1026 712 1069 ad
744 1024 1013 1070 levandum
1037 1021 1311 1080 fortunam
1344 1031 1496 1068 tuam.
1584 1024 1775 1070 Scilicet
1809 1026 1849 1070 is
1886 1041 2021 1070 error
2054 1031 2152 1084 θεὶς
2206 1039 2319 1069 nam

204 1117 356 1160 codex
401 1115 678 1170 MediceuS,
748 1128 808 1157 ex
853 1128 946 1171 quo
984 1113 1140 1157 ductae
1183 1110 1278 1156 illae
1323 1109 1537 1170 epistolae
1572 1119 1710 1171 sunt,
1776 1115 2026 1173 perspicue
2059 1127 2217 1173 neque
2252 1112 2321 1157 acl

206 1201 560 1248 consolandam
596 1215 752 1261 neque
785 1199 856 1244 ad
885 1198 1151 1244 levandam
1163 1212 1182 1256 ,·
1250 1199 1423 1244 deinde
1460 1201 1656 1245 earund.
1698 1202 1834 1260 epist.
1865 1201 1934 1259 V,
1972 1209 2058 1259 19:
2100 1200 2173 1244 ad
2205 1215 2319 1245 coe-

206 1290 395 1334 undum
433 1289 712 1334 societatem
724 1303 743 1345 ‚·
798 1294 882 1332 cst
916 1287 1007 1332 hoc
1038 1286 1250 1346 Martyni
1282 1287 1495 1346 Lagunae
1530 1294 1579 1331 et
1614 1288 1851 1348 Schiitzii3
1918 1304 2029 1334 nam
2071 1287 2320 1333 Mediceus

207 1384 255 1421 et
289 1393 457 1422 omnes
492 1379 763 1437 superiores
800 1377 1033 1421 editiones
1071 1376 1143 1419 ad
1178 1376 1464 1420 coeundam.
1541 1376 1768 1437 Sequitur
1803 1379 1864 1423 ad
1899 1376 2047 1422 Attio.
2085 1377 2219 1434 VIII,
2259 1379 2321 1428 16

205 1465 276 1508 ad
310 1466 612 1510 vastandum
648 1464 884 1518 Italiam5
918 1478 1083 1508 verum
1120 1479 1216 1508 non
1249 1463 1401 1507 solum
1439 1465 1590 1509 codex
1617 1463 1895 1522 Medieeus,
1930 1467 2013 1510 sed
2048 1467 2190 1510 etiam
2224 1466 2320 1510 duo

298 1663 328 1694 ι)
380 1658 424 1691 In
448 1658 583 1691 eodem
611 1659 732 1700 capite
761 1663 931 1689 extremo
958 1656 1181 1699 expellenda
1207 1649 1268 1688 est¹
1289 1659 1438 1699 negatio
1468 1656 1513 1690 ab
1541 1653 1690 1691 Orellio
1718 1658 1810 1691 male
1838 1665 2032 1698 revocata,
2065 1659 2131 1701 qui
2156 1657 2321 1690 amiserit

382 1717 515 1762 (cuius
541 1716 664 1752 futuri
689 1719 812 1750 exacti
839 1718 1015 1760 proprius
1042 1726 1133 1748 usus
1157 1716 1323 1759 intelligi
1350 1723 1473 1760 potest
1502 1727 1551 1749 cx
1578 1719 1723 1759 passivo
1750 1718 1924 1750 amissum
1951 1718 2038 1757 erit)
2056 1721 2323 1761 interpretatur

368 1778 493 1821 facile
525 1778 712 1809 iacturam
735 1777 881 1820 saciet,
925 1777 997 1809 hoc
1033 1783 1159 1809 autern
1198 1778 1344 1818 ipsum,
1377 1780 1417 1810 in
1453 1788 1529 1820 quo
1553 1777 1678 1821 fitcile
1710 1778 1876 1821 addidit,
1913 1778 2062 1811 videtur
2094 1781 2144 1811 ita
2181 1777 2322 1810 intelli—

377 1848 466 1879 gere
504 1848 547 1870 ac
580 1839 612 1870 si
647 1844 745 1871 esset
774 1837 962 1870 iacturam
989 1833 1110 1880 seret.
1174 1832 1367 1870 Contraria
1393 1832 1447 1871 ibi
1485 1844 1681 1881 ponuntur
1709 1836 1838 1872 damna
1876 1835 2087 1872 tolerabilia
2117 1843 2153 1871 et
2185 1836 2322 1871 intole-

375 1896 532 1938 rabilia,
571 1895 796 1942 reparabilia
828 1903 864 1930 et
888 1894 1162 1940 irreparabilia.
1231 1896 1287 1928 Ex
1321 1896 1508 1942 dignitate
1535 1897 1630 1929 nihil
1654 1896 1808 1930 detrahi
1833 1904 1980 1943 potest,
2021 1899 2116 1943 quod
2148 1909 2219 1929 non
2253 1903 2322 1927 aut

382 1958 539 2000 sortiter
560 1957 671 2000 serat
697 1964 765 1988 aut
783 1957 907 2000 facile
932 1958 1118 1989 restituat.
1172 1956 1254 1989 Hoc
1280 1955 1478 1988 tolerabile
1503 1964 1567 1989 aut
1593 1957 1801 2000 reparabile
1828 1962 1911 1991 erit.
1960 1959 2233 1992 Amicissimum
2256 1957 2322 1991 Ιιο-

386 2017 515 2050 minem
541 2017 572 2048 si
600 2016 790 2048 honeatate
815 2016 1014 2061 spoliatum
1040 2014 1226 2056 audierit,
1278 2026 1344 2047 nec
1368 2015 1445 2047 sine
1470 2026 1604 2060 magno
1631 2016 1753 2050 dolore
1770 2017 1874 2062 feret
1911 2017 1996 2056 (nec
2022 2015 2220 2050 tolerabile
2250 2015 2321 2048 hoc

384 2080 497 2117 crit),
542 2088 606 2109 nec
630 2077 670 2109 id
692 2078 880 2115 amiserit,
927 2078 1023 2122 quod
1049 2088 1153 2120 posse
1178 2081 1298 2119 speret
1325 2078 1539 2120 recuperari
1564 2079 1651 2118 (nec
1677 2081 1810 2111 ainissa
1834 2089 1893 2111 res
1920 2075 2169 2122 reparabilis}
2219 2071 2321 2118 Quid

391 2140 464 2170 erit
489 2139 752 2179 perspicuum,
789 2139 818 2168 si
846 2136 922 2168 haec
948 2147 1022 2168 non
1051 2136 1163 2168 sunt?
1199 2132 1330 2168 Simile
1360 2134 1433 2169 hoc
1459 2146 1614 2179 prorsus
1641 2147 1795 2176 eorum,
1831 2136 1877 2169 de
1905 2134 2043 2179 quibus
2072 2135 2153 2175 dixi
2180 2137 2219 2169 in
2248 2134 2322 2167 dis—

387 2200 510 2240 putat.
548 2194 593 2227 de
633 2193 781 2229 emend.
805 2195 923 2227 locor.
959 2195 1076 2237 aliqu.
1113 2200 1223 2226 orau-
1247 2193 1322 2229 Cic.
1349 2205 1383 2237 p.
1418 2206 1438 2238 9
1464 2201 1564 2236 not.‚
1599 2197 1672 2227 nisi
1698 2196 1797 2238 qnod
1824 2195 1888 2226 hic
1915 2205 2045 2226 omnes
2072 2194 2162 2227 inde
2191 2206 2209 2226 a
2235 2192 2322 2225 Cra-

384 2256 518 2290 tandro
545 2266 679 2289 verum
706 2258 826 2289 secuti
854 2262 972 2289 erant.
1041 2252 1205 2290 Afferam
1228 2254 1332 2289 aliud
1360 2265 1409 2288 ex
1435 2252 1627 2288 Ciceronis
1654 2258 1826 2289 oratione
1854 2255 1978 2298 aliqua
2018 2254 2234 2299 exemplum
2259 2264 2323 2287 ne—

388 2318 511 2359 gantis
539 2322 577 2348 et
605 2318 741 2349 aientis
772 2317 968 2347 sententioe
992 2316 1099 2347 nullo
1128 2315 1447 2347 animadvertente
1472 2321 1710 2357 permutatae3
1759 2317 1798 2347 in
1824 2322 1918 2348 orat.
1944 2315 1992 2350 Π.
2023 2315 2067 2348 de
2106 2317 2177 2358 tog.
2207 2326 2326 2358 agrar-

388 2388 440 2419 19,
463 2377 501 2407 51
534 2376 659 2408 editur
683 2379 764 2408 sine
792 2383 902 2407 nota:
952 2387 1061 2419 quam
1100 2372 1403 2416 (Karthaginem)
1449 2374 1619 2406 videlicet
1645 2376 1689 2407 P.
1716 2373 1924 2419 Africanus
1959 2389 2028 2409 non
2052 2383 2203 2421 propter
2238 2376 2321 2409 reli-

382 2435 527 2482 gionem
553 2436 692 2469 sedium
720 2433 877 2470 illarum
903 2447 947 2469 ac
972 2434 1174 2468 vetustatis
1200 2434 1243 2467 de
1271 2433 1416 2467 consilii
1440 2433 1626 2467 sententia
1653 2436 1898 2479 consecravit,
1941 2438 2006 2471 sed
2038 2443 2079 2471 ut
2115 2437 2192 2483 ipse
2227 2436 2325 2469 locus

386 2510 507 2529 eorum
523 2521 531 2535 ‚
570 2496 634 2541 qui
659 2509 735 2528 cum
765 2497 835 2529 hac
863 2496 953 2529 urhe
979 2497 1021 2529 de
1041 2495 1195 2539 imperio
1220 2500 1434 2535 certarunt,
1471 2495 1631 2540 vestIgia
1656 2496 1889 2532 calamitatis
1914 2501 2130 2533 ostenderet.
2191 2497 2321 2541 Itaque

382 2559 527 2591 ironice
553 2554 740 2589 Africano
765 2557 803 2588 id
829 2555 1011 2588 tribuitur
1036 2555 1261 2595 consilium,
1295 2554 1398 2599 quod
1424 2564 1511 2587 sane
1538 2557 1637 2587 serio
1662 2558 1696 2588 ei
1723 2556 1910 2592 tribuebat
1938 2558 2114 2602 snperbia
2140 2557 2324 2593 Romamn

384 2625 421 2650 et
445 2616 671 2649 alienissima
699 2623 754 2649 est
780 2615 857 2648 haee
885 2618 1008 2648 ironia
1039 2614 1085 2649 ab
1107 2617 1285 2648 irrisione
1315 2614 1433 2649 nuni.
1514 2613 1663 2648 Deinde
1698 2621 1890 2660 seqnitur:
1943 2621 2016 2652 Sed
2038 2631 2109 2652 non
2136 2618 2220 2663 suit
2245 2622 2323 2649 tam

388 2677 549 2721 diligens
575 2675 661 2717 ac„
696 2678 732 2709 iu
760 2674 899 2720 quibus
925 2685 971 2706 ne
1002 2677 1281 2708 coniunctionis
1312 2673 1466 2718 quidem
1496 2676 1591 2707 ratio
1614 2676 1718 2709 reddi
1746 2685 1893 2721 potest3
1938 2689 2022 2711 nam
2048 2681 2079 2711 si
2105 2677 2208 2711 aliud
2233 2686 2323 2708 con·

387 2738 516 2769 silium
536 2736 681 2774 habuit,
706 2736 799 2779 quid
826 2735 870 2768 ad
898 2745 986 2767 eum
1011 2738 1194 2778 pertinuit
1220 2738 1290 2768 ista
1320 2734 1543 2779 diligentia?
1567 2735 1754 2771 Nimirum
1779 2749 1912 2771 verum
1941 2746 2007 2778 est,
2035 2738 2137 2782 quod
2164 2740 2203 2769 in
2228 2736 2322 2768 duo-

384 2796 457 2830 bus
483 2796 592 2830 codd.
616 2793 772 2830 Oxonn.
798 2796 960 2839 legitur:
1011 2805 1120 2839 quam
1159 2794 1329 2828 videlicet
1355 2795 1403 2830 P.
1428 2792 1637 2837 Africanus
1673 2809 1743 2830 non
1769 2804 1920 2842 propter
1947 2797 2160 2842 religionem
2186 2795 2323 2828 sedium

387 2856 540 2889 illarum
566 2867 610 2888 ac
635 2856 839 2889 vetustatis
863 2856 906 2888 de
930 2854 1074 2887 consilii
1097 2854 1282 2889 sententia
1309 2855 1555 2896 consecravit,
1605 2868 1691 2890 nec
1731 2863 1772 2890 ut
1810 2858 1894 2902 ,ipse
1928 2856 2030 2890 locus
2065 2866 2209 2894 eorum,
2259 2855 2321 2899 qui

387 2928 465 2948 cum
491 2917 562 2949 hac
589 2915 675 2948 urbe
701 2916 743 2947 (le
771 2915 921 2959 imperio
947 2921 1159 2953 certarunt,
1196 2915 1356 2959 vestigia
1386 2916 1617 2949 calamitatis
1641 2918 1869 2959 ostenderet,
1898 2917 2012 2959 (haec,
2042 2927 2124 2960 quae
2149 2925 2233 2948 vera
2260 2916 2317 2947 in-

379 2976 496 3020 telligi
525 2976 627 3018 vult,
672 2975 818 3017 negat),
869 2976 952 3007 sed
983 2986 1051 3007 non
1077 2973 1160 3018 suit
1188 2973 1252 3008 διο.
1292 2975 1381 3017 (hoc
1419 2978 1563 3009 ironice
1593 2974 1783 3018 affirmat.)
