2555 3236
297 258 360 307 14

222 393 396 437 ciemte
443 390 633 434 luenda
672 388 1028 450 tribuendoque
1066 403 1207 433 suum
1243 387 1449 450 cuique).
1519 388 1685 450 Itaque
1728 393 1801 438 vel
1837 400 2034 454 propter
2065 394 2188 440 hanc
2224 412 2342 443 cau-

223 498 323 527 sam
360 481 582 525 vitiosum
613 485 729 536 erat,
776 479 904 539 qu'od
940 493 999 522 ex
1031 486 1150 523 orat.
1189 493 1277 537 pro
1308 478 1428 523 Sest.
1458 477 1490 536 l,
1529 486 1557 530 2
1595 479 1836 525 bonorum
1871 484 2089 529 codicum
2128 488 2341 531 auctori—

222 578 319 613 tate
355 576 404 612 et
438 569 500 612 ob
535 568 788 612 historiam
825 583 952 611 nunc
978 566 1233 625 expulsum
1269 556 1364 623 est,
1394 583 1540 626 quum
1574 574 1703 612 esset
1735 584 1762 612 a
1798 567 1993 616 Graevio
2026 574 2088 618 ob
2124 574 2343 634 singula..

223 675 324 703 rem
364 657 650 717 elegantiam
688 672 748 700 ex
784 656 969 700 duobus
1005 656 1347 700 recentissimis
1383 657 1697 716 pessimisque
1729 656 1863 702 libris
1899 668 2164 719 receptum,
2198 679 2225 707 a
2262 679 2346 707 ce·-

225 750 339 793 teris
374 751 705 805 propagatum,
738 743 787 787 in
817 742 1028 803 agendis
1057 742 1239 803 gratiis
1265 744 1790 805 commemorandoque
1812 760 1982 790 eorum
2004 773 2068 780 —
2089 749 2344 809 beneficia,

224 836 348 895 quod
382 833 684 891 Wunderus,
730 833 856 878 acuti
893 839 942 877 et
987 833 1107 878 recti
1152 831 1316 878 iudicii
1350 831 1523 890 homo,
1568 850 1623 878 ea
1652 840 1837 879 tantum
1876 834 2064 880 ratione
2097 838 2343 896 arguebat,

221 924 347 983 quod
384 922 443 967 ab
493 922 659 966 eadem
699 922 1039 980 praepositione
1074 928 1122 965 et
1165 920 1471 979 participium
1502 926 1551 965 et
1596 922 1903 981 gerundium·
1928 938 2035 968 cum
2074 926 2344 970 accusativo

221 1014 432 1070 pendere
469 1026 564 1056 non
602 1015 811 1068 possent.
895 1008 997 1055 Nec
1032 1010 1189 1054 minus
1225 1009 1447 1054 vitiosum
1501 1016 1574 1054 est
1610 1011 1739 1069 apud
1771 1010 1961 1057 Livium
1996 1010 2158 1070 XXX,
2200 1020 2277 1070 13,
2311 1020 2344 1071 9

222 1100 272 1144 in
308 1098 610 1161 alloquendo
649 1098 898 1151 vistorem,
929 1111 1217 1157 quamquam
1251 1097 1317 1142 ibi
1349 1098 1397 1142 in
1429 1095 1649 1156 pluribus
1680 1099 1818 1145 codd.
1850 1114 1898 1145 m
1934 1100 2135 1146 adhaesit
2164 1116 2225 1146 ex
2262 1117 2345 1147 se·-

222 1191 398 1256 quenti·
421 1189 560 1235 litera
596 1202 643 1232 η.

397 1279 719 1323 Revertamur
754 1277 812 1321 ad
849 1275 1156 1328 Caelianam,
1204 1290 1231 1319 a
1269 1290 1361 1335 qua
1406 1277 1456 1319 in
1491 1276 1596 1334 ipso
1631 1277 1828 1321 exordio
1867 1279 2202 1337 disputationis
2238 1287 2337 1325 tam

223 1369 360 1429 longe
397 1367 597 1427 digressi
643 1381 842 1422 surnus,
892 1366 1296 1423 adnotemusque,
1353 1364 1480 1423 quod
1528 1363 1670 1408 huius
1700 1368 1889 1425 generis
1934 1374 2205 1412 extremum
2241 1369 2349 1424 erit,

223 1458 398 1502 codicis
433 1455 711 1500 parisiensis
752 1455 1037 1512 scripturam
1062 1453 1189 1510 apud
1225 1451 1461 1496 Orellium
1500 1452 1726 1497 omissam
1760 1455 1809 1498 in
1845 1470 1883 1498 c.
1920 1461 2001 1508 27,
2023 1456 2100 1507 65.
2170 1455 2345 1500 Editur

222 1546 371 1591 enim:
406 1544 755 1590 potueruntne
789 1538 981 1586 meliori
1013 1546 1234 1600 tempore
1258 1537 1509 1600 prosilire,
1543 1552 1692 1600 quam
1729 1555 1881 1602 quum
1916 1541 2143 1587 Licinius
2177 1541 2346 1588 venis-

224 1631 334 1678 set?
379 1630 509 1677 nullo
545 1635 712 1688 aperto
748 1630 889 1685 vitiu,
931 1643 1219 1687 quamquam
1256 1627 1339 1672 ubi
1384 1626 1508 1672 bono
1544 1634 1763 1688 tempore
1796 1629 1973 1690 aliquid
2003 1629 2105 1674 fieri
2142 1631 2343 1685 dicatur,

225 1729 275 1765 ut
307 1722 368 1765 sit
392 1723 689 1778 opportuno,
721 1717 896 1772 nescio,
924 1730 1012 1759 nec
1033 1713 1129 1758 ulla
1152 1713 1344 1759 aliunde
1366 1715 1593 1759 adnotata
1616 1716 1676 1760 ab
1707 1716 1970 1761 editoribus
1994 1717 2343 1762 recentioribus

224 1812 468 1854 varietate.
542 1806 724 1849 Verum
748 1806 797 1849 in
835 1805 1044 1848 editione
1080 1818 1119 1846 a.
1158 1807 1285 1853 1472
1318 1810 1413 1847 est:
1451 1801 1643 1847 meliori
1671 1819 1816 1865 mage
1841 1812 2077 1865 tempore,
2108 1806 2157 1850 in
2191 1805 2343 1851 tribus

222 1896 465 1943 codicibus
502 1892 860 1939 Oxoniensibus
893 1888 1085 1935 meliori
1119 1889 1313 1950 magi-§⁸5
1369 1892 1418 1936 id
1456 1892 1583 1936 unde
1618 1898 1776 1936 ortum
1812 1894 1887 1952 sit,
1931 1893 2097 1953 patefit
2130 1893 2348 1938 tollitur·-

221 2004 312 2048 que
355 1983 663 2044 interpolatio
711 1982 942 2041 praeclara
980 1980 1262 2025 Parisiensis
1309 1980 1539 2026 lectione:
1587 1984 1930 2028 Potueruntne
1970 1982 2169 2043 magis
2213 1990 2341 2026 tem-

215 2091 355 2136 pore.
405 2062 648 2133 ¹Apparet
685 2078 906 2131 tempore
941 2085 1028 2130 pro
1065 2069 1292 2114 adverbio
1328 2085 1433 2115 esse
1471 2072 1608 2130 eique
1643 2072 1862 2131 augendo
1898 2072 2010 2117 addi
2043 2070 2338 2125 adverbium,

223 2163 630 2225 quemadmodum
668 2159 789 2206 satis
820 2167 1039 2218 tempore
1091 2158 1289 2216 dicitur,
1332 2174 1484 2219 eoque
1524 2157 1730 2204 offensos
1776 2159 1998 2205 librarios
2041 2158 2340 2203 substantivo

225 2255 510 2298 adiectivum
541 2250 806 2305 addidisse,
842 2248 992 2290 miror
1028 2253 1202 2302 autem,
1242 2248 1321 2305 qui
1352 2245 1733 2304 interpolationis
1767 2247 1965 2305 vestigia
2000 2246 2049 2290 in
2084 2245 2341 2289 deteriori-

226 2342 312 2385 bus
344 2341 524 2401 aliquot
558 2337 840 2387 manserint,
884 2336 932 2378 in
971 2333 1247 2377 melioribus
1284 2333 1615 2376 Bernensibus
1651 2335 1933 2378 exciderint.

399 2427 493 2472 Sed
529 2426 587 2470 de
631 2424 723 2469 hoc
765 2437 943 2484 genere
988 2422 1167 2466 dictum
1214 2425 1299 2464 est.
1381 2419 1553 2464 Cetera
1588 2420 1757 2465 ordine
1793 2436 2051 2481 exponam,
2107 2419 2339 2466 nonnulla

223 2520 363 2563 ctiam
402 2515 677 2569 minutiora,
714 2513 937 2573 quoniam
975 2510 1249 2571 graviorum
1276 2514 1517 2568 praerepta
1541 2508 1691 2554 maior
1724 2524 1834 2569 pars
1860 2517 1946 2556 est.
2017 2510 2070 2555 C.
2100 2515 2197 2566 2,3
2234 2508 2341 2553 edi-

222 2615 320 2651 tur:
356 2607 457 2650 iam
494 2604 581 2648 diu
615 2601 780 2646 minus
813 2599 866 2643 in
896 2597 1020 2656 foro
1057 2596 1310 2642 nobiscum
1346 2603 1607 2653 versatum
1651 2599 1735 2642 sed
1768 2615 1934 2645 verum
1972 2614 2091 2651 esse,
2128 2598 2254 2658 quod
2289 2599 2339 2641 in

224 2696 477 2739 parisiensi
526 2693 701 2752 legitur
747 2696 797 2734 et
840 2688 1168 2733 Bernensibus
1210 2687 1421 2746 quique,
1485 2687 1844 2733 mendosissime
1889 2690 2094 2747 scriptus
2154 2689 2203 2732 in
2250 2686 2339 2730 hac

226 2785 468 2833 oratione,
514 2783 574 2826 ad
609 2779 864 2825 Beruensis
913 2784 1075 2821 tamen
1114 2776 1397 2833 cognatione
1432 2775 1638 2832 accedit,
1686 2775 1988 2828 Erfurtensi‚
2036 2784 2085 2821 et
2129 2775 2339 2819 editione

223 2873 274 2916 C.
311 2858 568 2929 Stephani,
613 2867 849 2919 ostendit,
897 2865 1024 2925 quod
1069 2866 1118 2908 in
1164 2863 1452 2908 editionibus
1497 2864 1705 2922 antiquis
1741 2862 1802 2922 (a.
1835 2870 1964 2916 1472
2007 2870 2057 2907 et
2095 2857 2245 2919 1480)
2279 2875 2340 2905 ex

223 2959 500 3021 vulgaribus
536 2955 779 3003 codicibus
827 2953 1038 2998 eiusdem
1076 2953 1328 3011 scripturae
1371 2953 1566 3012 vestigia
1601 2958 1881 2997 manserunt
1909 2947 2177 3011 (nobiscum
2214 2962 2340 3008 quo-
