2555 3236
2215 211 2276 257 13

236 349 531 407 spiciuntu1·,
602 359 768 390 verum
803 345 1054 393 invenitur.
1129 346 1315 392 Citatur
1350 359 1378 388 a
1414 343 1757 388 Ruddimanno
1794 337 1873 404 (11,
1907 357 1953 401 p.
1988 347 2100 395 252.
2135 350 2233 389 not.
2267 347 2339 391 ed.

235 434 418 495 Stallb.)
453 448 515 479 ex
541 433 706 480 Manil.
739 432 931 480 Astron.
962 433 997 492 Ι,
1036 442 1099 486 10
1127 434 1200 477 ad
1231 440 1373 477 tanta
1408 433 1719 489 canendum5
1753 434 1838 476 sed
1873 434 1955 493 qui
1989 430 2095 476 fere
2127 432 2257 477 solus
2291 435 2340 478 in

234 538 291 566 eo
313 528 456 580 poeta
479 524 719 568 codicibus
743 537 855 567 usus
892 529 979 578 est,
1014 522 1240 580 Scaliger,
1272 536 1332 564 ex
1368 523 1549 578 optimo
1574 521 1912 565 Gemblacensi
1934 522 2217 581 duobusque
2238 521 2342 567 aliis

231 610 458 654 canenda
490 612 637 658 edidit
667 618 891 672 recteque
925 608 1174 655 Bentleius
1210 615 1259 655 et
1291 608 1494 654 Stoeber
1526 611 1841 656 retinuerunt.
1928 607 2066 653 Unus
2100 615 2174 653 est
2204 607 2337 655 locus

233 699 475 757 scriptoris
509 698 652 758 paulo
687 698 962 759 diligentius
998 697 1203 755 tractati,
1234 697 1286 741 in
1322 710 1417 757 quo
1443 695 1563 741 nihil
1595 704 1806 752 notetur,
1843 697 2061 743 Suetonii
2092 698 2144 742 in
2172 696 2338 743 Claud.

231 787 295 838 26
324 782 712 842 (adducendam
745 800 857 830 eam
876 787 1121 846 uxorem).
1189 784 1284 829 Sed
1316 798 1378 829 ne
1412 786 1514 829 eius
1544 786 1735 845 quidem
1770 787 1907 831 codd.
1944 785 2085 831 multi
2120 793 2344 831 accurate

230 881 301 918 et'
331 877 420 919 toti
467 875 626 919 collati
675 882 803 921 sunt.
910 873 1096 919 Verum
1139 874 1253 918 satis
1289 873 1416 932 'puto
1461 874 1643 918 dictum
1698 889 1801 918 esse
1847 875 1907 919 de
1956 872 2048 918 hac
2105 889 2186 929 re,
2256 877 2344 921 etsi

228 969 445 1022 poteram
488 978 639 1007 unum
688 971 738 1008 et
778 962 981 1007 alterum
1021 961 1202 1006 similisv
1235 964 1422 1022 generis
1468 963 1700 1007 mendum
1759 978 1821 1007 ex
1873 961 1977 1008 aliis
2031 963 2345 1022 scriptoribus

229 1064 430 1109 operose
455 1052 709 1096 corradere
736 1057 784 1095 et
810 1054 1019 1110 ‘arguere
1045 1047 1100 1110 ¹).
1171 1050 1335 1111 Itaque
1368 1065 1519 1095 unum
1556 1052 1757 1109 addam,
1808 1066 1871 1095 ne
1907 1051 2112 1097 ablativo
2149 1053 2343 1112 quidem

227 1140 443 1197 gerundii
479 1155 506 1183 a
540 1140 877 1198 praepositione
909 1144 1042 1182 recto
1078 1141 1399 1185 accusativum
1436 1141 1631 1198 adiungi
1667 1156 1694 1183 a
1732 1140 1966 1184 Cicerone
2002 1138 2340 1206 aequalspusve,

227 1234 404 1284 praeter
443 1227 707 1285 Varronem
756 1227 837 1288 (R.
861 1225 1049 1270 Rustic.
1081 1224 1162 1283 1115
1185 1224 1268 1283 9),
1335 1232 1383 1270 et
1419 1228 1499 1286 qui
1533 1227 1757 1286 deinceps
1793 1225 2018 1281 fuerunt,
2086 1229 2177 1272 nisi
2213 1228 2340 1288 quod

227 1314 394 1361 Cicero
427 1317 638 1373 primum
673 1317 724 1360 in
748 1314 932 1373 origine
962 1317 1134 1359 vocum
1159 1313 1371 1359 notanda
1398 1314 1632 1373 gerundio
1665 1314 1923 1360 verborum
1957 1314 2255 1374 radicahum,
2289 1322 2342 1360 ut

224 1406 291 1448 ita
321 1402 571 1462 appellem,
607 1405 757 1449 utitur
781 1400 1010 1460 absolute,
1037 1402 1210 1448 deinde
1233 1403 1293 1449 ad
1317 1401 1605 1462 explendam
1630 1403 2078 1463 interpretationem
2103 1406 2344 1450 accusati-

228 1498 338 1536 vum
373 1492 520 1550 addit,
565 1508 663 1537 non
698 1491 868 1550 solum,
900 1498 955 1537 ut
983 1497 1122 1551 putat
1154 1490 1383 1537 Ruddim.
1419 1491 1473 1537 II.
1500 1507 1546 1552 p.
1584 1497 1696 1550 254,
1734 1492 1876 1538 Tusc.
1913 1493 2002 1547 ΙΙΙ,
2038 1502 2070 1552 9
2103 1488 2162 1549 (a
2193 1492 2340 1538 nimis

223 1578 458 1624 intuendo
479 1577 753 1636 fortunam
776 1578 1025 1641 alterius),
1062 1580 1144 1624 sed
1170 1579 1313 1624 etiam
1336 1580 1395 1624 de
1419 1580 1563 1640 Legg.
1595 1580 1629 1638 Ι,
1653 1583 1684 1633 6
1719 1597 1753 1625 a
1786 1596 1933 1625 suum
1967 1582 2145 1643 cuique
2179 1581 2341 1626 tribu-

224 1666 350 1711 endo
385 1661 550 1727 (νόμος
575 1662 712 1730 napa*
745 1666 832 1714 τοῦ
863 1665 1054 1728 νέμειν),
1088 1683 1206 1728 quos
1239 1667 1372 1713 locos
1401 1668 1599 1714 diversis
1634 1670 1874 1714 immiscet
1907 1668 2262 1716 Ramshornius
2298 1686 2342 1730 p.

225 1755 323 1807 648
356 1756 540 1812 et649
588 1752 885 1815 (incredibili.
912 1770 1052 1813 paene
1097 1771 1260 1800 errore
1294 1757 1475 1801 addens
1512 1758 1571 1802 de
1614 1757 1725 1802 Nat.
1757 1758 1904 1806 Deor.
1935 1759 2004 1817 ΙΙ,
2042 1760 2150 1822 25),
2214 1762 2338 1804 ratio

223 1849 390 1902 aperta
423 1852 521 1902 est3
568 1860 666 1889 non
702 1843 761 1889 ab
798 1841 1036 1888 intuendo
1062 1841 1286 1902 fortuna
1310 1845 1485 1890 dictam
1522 1844 1780 1901 invidiam,
1815 1853 2045 1909 tanquam
2083 1854 2341 1909 utrumque

224 1933 284 1977 sit
316 1932 366 1978 iu
402 1930 565 1990 verbo,
597 1932 681 1976 sed
715 1931 776 1977 ab
810 1929 1046 1977 intuendo
1075 1938 1237 1993 putat3
1281 1933 1345 1978 id'
1365 1938 1524 1978 autem
1560 1933 1731 1980 referri
1767 1935 1827 1981 ad
1861 1934 2107 1982 fortunam
2134 1936 2341 1982 alterius.

226 2019 413 2067 Deinde
457 2020 738 2080 excipienda
785 2025 857 2064 cst
894 2021 998 2079 ipsa
1043 2020 1149 2065 haec
1197 2020 1510 2080 proverbialiS
1552 2022 1729 2069 locutio
1777 2038 1915 2084 paene
1960 2027 2011 2069 in
2054 2040 2203 2070 unum
2250 2041 2339 2071 vo-

224 2107 447 2156 cabulum
484 2108 686 2154 conflata
720 2122 863 2153 suum
897 2106 1069 2168 cuique
1102 2108 1352 2166 tribuere5
1417 2111 1496 2173 (de
1529 2111 1670 2158 Offic.
1706 2114 1751 2172 Ι,
1798 2121 1826 2167 5
1874 2114 1926 2159 in
1962 2114 2214 2158 hominum
2254 2130 2340 2158 so·-

322 2255 354 2294 1)
401 2251 545 2285 Citatun·
575 2256 687 2287 ctiam
714 2266 733 2286 a
763 2254 956 2295 nonnullis
984 2261 1114 2287 auctor
1147 2251 1445 2298 Ousltnaiorpius
1472 2258 1516 2292 ml
1544 2259 1668 2297 From.
1700 2260 1776 2303 Ill,
1805 2260 1837 2294 6.
1902 2260 1937 2294 Is
1962 2263 2079 2304 igitur
2111 2272 2339 2297 commemo·

401 2320 482 2345 rato
508 2321 641 2356 praeter
666 2324 774 2353 cum,
800 2317 839 2347 in
865 2325 941 2358 quo
965 2321 1153 2358 versatur,
1175 2316 1250 2348 alio
1275 2314 1447 2349 Frontini
1477 2318 1562 2351 loco
1591 2327 1627 2352 et
1659 2320 1809 2354 duobus
1842 2319 1962 2359 Livii,
1989 2331 2067 2353 uno
2093 2319 2267 2362 Caesaris,
2293 2323 2337 2355 dv

399 2371 538 2417 quibus
559 2385 672 2418 supra
699 2374 844 2409 dictum
869 2381 935 2416 est,
965 2386 1039 2409 uno
1054 2374 1202 2418 Iustini,
1227 2374 1349 2409 addit:
1376 2376 1540 2411 ”Verum
1565 2392 1674 2425 quum
1700 2382 1818 2413 omnia
1844 2381 1921 2413 sint
1948 2381 2071 2414 dabioe
2099 2384 2335 2416 auctoritati»

400 2439 436 2467 et
461 2440 556 2467 certe
585 2434 689 2479 infra
716 2442 753 2468 et
780 2437 817 2468 in
839 2439 983 2469 Coesare
1010 2449 1053 2468 ac
1078 2438 1222 2469 Iustino
1246 2438 1354 2469 MSS.
1391 2450 1414 2469 a
1441 2451 1497 2471 me
1524 2441 1613 2479 risi,
1653 2441 1785 2473 saltem
1806 2441 1974 2486 plerique
2003 2455 2080 2475 cum
2106 2444 2186 2476 edd.
2204 2445 2337 2487 primis

396 2494 640 2540 gerundivum
669 2495 707 2529 in
723 2494 817 2541 fim.
844 2508 979 2542 genere
996 2502 1229 2542 'agrion-aul,
1253 2508 1430 2543 nusquam
1454 2498 1518 2532 lzoc
1561 2500 1806 2544 gerundium)
1837 2502 2094 2535 intrz:(lerem''.
2149 2502 2204 2537 De
2236 2503 2335 2538 Flor.

400 2555 429 2595 Ι,
454 2568 500 2600 ς),-
546 2555 626 2596 vid.
653 2552 828 2589 Oudentl.
855 2557 901 2590 ad
926 2556 1000 2590 Caes
1022 2557 1081 2595 ΑΒ.
1110 2557 1154 2592 G.
1182 2558 1252 2599 111,
1276 2558 1337 2600 14,
1375 2557 1441 2592 ubi
1466 2566 1541 2593 tres
1568 2559 1771 2596 Leidenses
1798 2563 1906 2596 codd.
1932 2565 2100 2596 veritatis
2124 2570 2238 2598 testes
2263 2565 2338 2599 dat.

398 2614 753 2649 Drakenborchium
779 2620 890 2649 etiam
915 2629 934 2649 a
960 2616 1027 2650 Sil.
1057 2618 1139 2651 Ital.
1165 2617 1254 2658 XV,
1283 2619 1344 2651 105
1370 2622 1510 2660 citant,
1536 2620 1830 2657 confundentem
1854 2634 1990 2666 genera
2018 2636 2037 2657 a
2065 2634 2122 2657 me
2152 2624 2339 2668 distinctu,

398 2675 799 2709 caeterumraceusativi
825 2687 844 2709 a
875 2681 1139 2721 proepositione
1168 2680 1260 2712 recti
1277 2689 1394 2712 unum
1418 2676 1634 2716 afferentem
1660 2685 1891 2728 exemplum.
1918 2686 2037 2728 ipsius
2061 2683 2148 2718 Silii
2166 2695 2216 2719 ex
2233 2685 2337 2727 vm,

397 2734 442 2768 56
468 2734 518 2768 ad
541 2735 650 2781 signa
678 2736 904 2775 movendum,
937 2746 1018 2780 quae
1044 2745 1100 2773 est
1123 2738 1170 2774 N.
1195 2738 1354 2778 Heinsii‚
1382 2741 1455 2772 viri
1481 2738 1759 2785 elegantiarum,
1789 2754 1879 2787 quas
1898 2744 2121 2788 appellabat,
2145 2756 2239 2790 saepe
2258 2749 2339 2779 ine-

397 2798 564 2840 ptissime
590 2795 761 2847 ⁵².¹¹d¹.⁰⁵⁵²
785 2800 1014 2837 coniectura,
1040 2810 1157 2842 quum
1183 2810 1311 2832 omnes
1338 2798 1481 2842 ubique
1508 2801 1618 2835 codd.
1644 2811 1680 2835 et
1705 2804 1801 2845 edd„
1835 2808 1956 2847 ipsius
1983 2817 2137 2848 quoque
2163 2806 2332 2839 Draken-

397 2852 557 2899 uon-chii,
585 2857 758 2890 movenda
784 2855 955 2891 habeant.
1009 2857 1053 2892 In
1075 2860 1234 2904 singulis
1261 2862 1405 2906 paginis
1434 2858 1670 2897 occasionem
1702 2871 1771 2898 tam
1801 2863 1898 2900 belle
1928 2864 2150 2901 emendandi
2177 2869 2334 2911 soporis-

399 2925 474 2962 ser,
503 2921 534 2952 si
559 2920 691 2963 saepius
718 2920 757 2952 in
784 2925 945 2952 mentmu
974 2922 1147 2955 venisset.
1436 2927 1439 2931 '
