2555 3236
277 185 309 231 4

212 317 427 361 locorum
463 316 701 375 scriptura
738 315 899 359 statim
934 311 1285 373 patefaciebat,
1327 314 1394 359 ita
1428 328 1455 358 a
1490 311 1782 373 reliquorum
1818 313 2023 362 lectione
2058 318 2318 380 discedens,

214 411 269 450 ut
301 418 466 449 eorum
501 403 677 461 partim
723 407 891 460 aperta
928 401 1105 445 menda
1148 400 1339 446 tolleret
1373 401 1546 460 partim
1584 399 1771 445 occulta
1816 409 1901 447 aut
1944 407 2205 467 corrigeret
2238 417 2321 455 aut

216 496 437 552 argueret
482 488 678 547 saltem,
747 495 1127 549 congrueretque
1174 487 1278 533 fere
1324 505 1433 534 cum
1474 490 1530 534 iis
1574 487 1786 533 melioris
1831 495 2019 550 generis
2066 496 2320 554 codicibuS,

217 595 418 640 quorum
456 584 542 625 aut
564 579 617 623 in
639 584 872 637 apparatu
900 579 1064 622 critico
1089 576 1385 622 Gruteriano
1419 593 1527 622 rara
1562 577 1819 622 admodum
1849 585 1898 622 et
1923 594 2094 637 parum
2122 582 2321 643 diligens

215 668 437 715 exstabat
470 668 676 723 mentio,
735 665 867 713 velut
895 667 1071 711 codicis
1107 665 1269 711 Sancti
1303 665 1513 712 Victoris
1544 672 1593 711 et
1624 663 1982 712 Gemblacensis
2018 685 2046 714 a
2079 669 2321 718 Gulielmo

213 757 552 813 adhibitorum,
587 761 670 798 aut
705 753 818 799 alibi
853 755 1051 812 vestigia
1086 762 1389 812 supererant,
1417 753 1550 800 velut
1576 756 1627 799 in
1651 755 1858 799 editione
1876 754 2197 816 Hervagiana‚
2228 776 2321 820 qua

213 843 420 889 Orellius
437 857 594 901 nuper
630 842 793 902 aliquo
820 858 929 887 cum
961 841 1123 886 fructu
1157 856 1273 886 usus
1308 849 1425 887 erat.
1498 842 1658 887 Huius
1679 843 1825 901 igitur
1845 844 2019 888 codicis
2044 859 2150 903 ope,
2184 848 2320 892 cuius

214 940 374 977 tamen
409 946 507 975 non
536 930 680 989 plane
707 932 875 974 eadem
897 936 971 973 est
994 945 1082 988 per
1106 945 1273 975 omnes
1296 932 1537 975 orationes
1559 930 1837 988 praestantia
1859 928 1916 990 ¹),
1947 931 2188 986 adhibitis,
2214 949 2321 993 qnae

216 1025 453 1080 praeterea
487 1032 653 1077 sparsa
697 1017 776 1062 hic
819 1016 916 1061 illic
962 1023 1126 1074 erant,
1185 1018 1449 1076 praesidiis,
1517 1018 1578 1061 ad
1624 1031 1730 1077 quae
1774 1017 1870 1062 iam
1908 1024 2011 1063 tum
2057 1029 2323 1066 accesserat

216 1106 510 1154 Erfurtensis
547 1106 723 1151 codicis
759 1103 947 1150 collatio
983 1103 1336 1164 Wunderiana,
1368 1119 1483 1149 mox
1518 1105 1730 1149 adiectus
1760 1111 1832 1149 est
1865 1105 2150 1152 Scholiastes
2178 1107 2323 1154 Vati-

214 1210 361 1241 canus
397 1210 426 1240 a
456 1192 589 1239 Maio
625 1194 795 1251 editus,
831 1192 917 1238 has
953 1194 1194 1238 orationes
1228 1192 1360 1238 horis
1396 1192 1578 1252 aliquot
1611 1192 1857 1238 subcisivis
1880 1196 2137 1240 emendare
2171 1200 2322 1256 coepi,

213 1283 363 1331 multa
409 1297 628 1343 quoque,
695 1287 751 1327 ut
794 1281 849 1326 fit
886 1282 937 1326 in
980 1279 1074 1325 hoc
1118 1294 1320 1341 genere,
1383 1295 1489 1341 quae
1523 1286 1689 1339 aperta
1723 1283 1918 1326 testium
1954 1285 2237 1330 auctoritate
2271 1286 2322 1330 in

216 1372 386 1418 melius
422 1371 604 1414 mutari
633 1384 734 1414 non
767 1374 1020 1428 poterant,
1069 1369 1473 1427 vestigiis-tamen
1506 1370 1730 1427 persequi
1765 1376 1813 1412 et
1845 1372 2122 1415 coniectura
2154 1386 2322 1417 verum

213 1460 449 1518 reperire,
482 1459 533 1502 in
568 1456 669 1500 aliis
702 1456 971 1500 necessario
1004 1453 1126 1498 falsa
1159 1460 1349 1499 notasse
1383 1462 1651 1502 contentus.
1717 1454 1875 1514 Atque
1896 1458 2033 1501 initio
2054 1459 2322 1518 cogitabam

214 1547 455 1590 interdum
497 1547 624 1601 ipsas
667 1546 905 1587 orationes
954 1543 1097 1585 edere
1141 1547 1190 1585 et
1237 1543 1625 1587 emendationum
1669 1543 1878 1588 rationes
1926 1544 2149 1590 subiectis
2185 1561 2323 1593 com—

217 1634 463 1678 mentariis
500 1646 768 1689 exponere,
836 1630 1009 1672 deinde
1044 1634 1202 1671 autem
1235 1627 1375 1685 plura
1409 1644 1470 1672 ex
1501 1627 1643 1673 simili
1673 1644 1848 1687 genere
1882 1631 2159 1678 adiumenta
2190 1634 2323 1692 prius

216 1719 642 1778 circumspicienda
684 1717 1000 1773 videbantur,
1065 1731 1172 1774 quae
1215 1731 1292 1760 res
1339 1714 1617 1774 consiliique
1662 1718 1906 1762 exsecutio
1941 1721 2238 1765 occasionem
2275 1728 2324 1766 et

212 1816 404 1866 tempus
443 1812 767 1864 opportunum
805 1802 1130 1861 exspectabat.
1210 1803 1406 1847 Interim
1440 1803 1697 1848 intervenit
1730 1806 1999 1850 orationum
2034 1821 2124 1864 pro
2159 1806 2321 1853 Caelio

215 1903 264 1941 et
299 1911 388 1955 pro
423 1894 577 1938 Sestio
611 1892 758 1935 editio
794 1890 1066 1947 Orelliana,
1132 1891 1210 1934 cui
1256 1905 1385 1934 nunc
1432 1897 1596 1934 utrum
1642 1890 1788 1935 editio
1833 1895 2059 1938 orationis
2099 1895 2160 1939 de
2202 1909 2322 1953 pro-

214 1985 383 2029 vinciis
428 1979 758 2026 consularibus
806 1994 867 2023 an
911 1978 1101 2023 libellus
1145 1980 1205 2023 de
1251 1994 1308 2023 ea
1359 1978 1660 2023 emendanda
1704 1982 1981 2038 accesserit,
2050 1997 2112 2026 ex
2165 1983 2321 2027 indice

214 2073 544 2131 proximarum
594 2067 919 2111 nundinarum
951 2066 1269 2125 Lipsiensinm
1314 2081 1487 2125 parum
1523 2064 1831 2125 intelligitur,
1899 2068 1949 2111 in
1986 2083 2079 2126 qna
2112 2069 2321 2115 editione

219 2175 365 2217 quum
395 2159 469 2203 vir
504 2156 806 2200 doctissimus
852 2162 1030 2212 praeter
1072 2153 1258 2214 reliqua
1303 2154 1541 2210 subsidia,
1605 2153 1666 2197 ab
1700 2152 1803 2198 aliis
1827 2154 2071 2200 interdum
2105 2155 2323 2216 neglecta

218 2253 301 2291 aut
334 2261 440 2305 quae
471 2258 628 2302 nuper
664 2247 985 2299 accesserant,
1015 2241 1075 2286 ad
1108 2239 1383 2287 Caelianam
1418 2239 1768 2286 emendandam
1809 2254 1956 2301 quum
1995 2243 2153 2303 ipsum
2185 2243 2322 2290 illum

215 2334 429 2379 codicem
466 2332 784 2378 parisiensem
834 2335 939 2375 tum
986 2329 1104 2373 dnos
1142 2330 1242 2374 eius
1275 2327 1454 2373 similes
1488 2327 1572 2372 sed
1606 2328 1763 2371 minus
1808 2329 2020 2390 integros
2053 2330 2321 2378 Beruenses

317 2520 349 2559 ι)
396 2516 611 2560 Krarupius
639 2516 789 2549 adnotat
809 2541 818 2558 ‚
840 2515 968 2559 plures
994 2524 1082 2549 eum
1103 2514 1299 2559 scripsisse
1325 2514 1573 2558 singulosque
1597 2512 1770 2549 librarios
1792 2526 1909 2559 pauca
1933 2515 2101 2559 quaedam
2123 2519 2164 2550 in
2189 2517 2321 2551 ortho-

395 2576 552 2620 graphia
578 2583 764 2615 mutasse3
795 2585 914 2608 unum
941 2573 1085 2618 ubique
1113 2574 1237 2615 michi,
1264 2573 1381 2608 nichil
1406 2576 1617 2618 scripsisse,
1643 2576 1757 2609 alium
1786 2587 1806 2608 c
1829 2582 1867 2608 et
1889 2582 1907 2608 t
1930 2576 2057 2610 literas
2082 2584 2325 2621 permutasse,

394 2647 522 2670 omncs
551 2646 642 2668 vero
668 2642 684 2668 t
713 2643 750 2669 et
773 2636 818 2673 ‹I;
856 2637 1065 2668 orationem
1092 2645 1160 2678 pro
1184 2633 1304 2668 Balbo
1330 2635 1451 2668 multo
1478 2637 1602 2668 minus
1626 2642 1797 2669 accurate
1822 2635 2045 2679 descriptam
2067 2646 2167 2678 esse,
2195 2643 2238 2670 ut
2262 2639 2324 2671 vi-

390 2696 523 2729 deatur
547 2694 726 2729 librarius
755 2695 950 2738 exemplar
974 2692 1127 2727 difficile
1151 2694 1254 2728 lectu
1280 2702 1368 2728 ante
1396 2695 1527 2728 oculos
1553 2693 1740 2731 habuisse.
1788 2693 1885 2730 Sane
1909 2696 2029 2729 multo
2055 2696 2141 2739 plns
2165 2696 2228 2729 vel
2250 2695 2323 2729 hoe

390 2753 564 2790 adhibito
585 2754 755 2789 subsidio
782 2754 827 2788 ad
850 2757 932 2787 eius
959 2755 1141 2787 orationis
1168 2754 1481 2796 emendationem,
1509 2765 1621 2799 quam
1644 2754 1692 2788 ad
1717 2756 1962 2800 reliquarum,
1984 2754 2229 2797 desideratur,
2259 2758 2321 2790 vi-

391 2814 580 2857 deturque
620 2825 662 2848 ea
697 2816 819 2848 oratio
855 2820 921 2846 ant
954 2814 1205 2856 antiquiorem
1240 2813 1384 2848 hahere
1418 2815 1750 2859 interpolationem
1781 2823 1847 2849 aut
1870 2825 1921 2849 ex
1945 2815 2155 2848 recentiore
2179 2813 2319 2856 codice,

391 2885 503 2918 quam
529 2880 678 2915 ceterae,
703 2876 743 2908 in
767 2872 1019 2907 parisiensem
1044 2875 1285 2917 transscripta
1315 2884 1406 2909 esse.
