2555 3236
272 265 330 314 16

202 412 521 460 quamquam,
553 398 618 442 ita
637 394 955 450 conformata,
983 402 1037 440 ut
1070 399 1232 439 orator
1267 396 1500 452 ostendat,
1533 402 1584 439 ne
1612 396 1719 455 plus
1742 399 2017 455 adversario
2041 402 2317 460 concedere,

196 505 336 550 quain
360 500 555 533 necesse
577 486 656 531 sit.
725 484 892 545 Itaque
913 484 1139 529 scribitur
1159 485 1424 529 rectissime
1451 485 1500 529 in
1526 484 1686 529 codd.:
1708 493 2013 548 quamquam
2028 514 2092 522 —
2106 488 2315 534 stuclue-

199 585 333 630 runt,
368 584 536 620 tamen
568 582 659 620 etc.
733 572 889 617 Multa
924 574 1142 633 conquiri
1176 578 1400 630 poterant
1434 572 1657 632 exempla
1693 575 1957 632 apodoseos
1993 578 2059 622 ita
2095 577 2315 624 dilatatae.

199 666 352 710 Paulo
388 671 497 724 post
529 663 707 709 frustra
743 659 1020 706 defenditur
1052 660 1134 706 illa
1167 662 1464 706 coniunctio:
1494 662 1749 722 Sequutus
1783 669 1855 707 est
1889 677 2079 709 cinnas:
2111 680 2316 710 causam

206 752 418 799 Catilina
455 749 604 803 dixit,
655 764 762 810 quae
805 764 904 793 non
942 750 1086 794 niodo
1130 748 1355 794 duritiam
1391 749 1537 795 habet
1569 748 1918 795 intolerabilem
1960 751 2011 795 in
2046 755 2318 799 narratione

200 841 576 900 simplicissima,
621 839 707 883 sed
739 838 996 883 absurdam
1046 837 1393 897 elucutionem3
1449 854 1560 884 nam
1604 854 1755 884 annus
1800 854 1978 884 annum
2012 854 2203 899 semper
2238 857 2317 887 se—

201 932 378 990 quitur.

378 1020 429 1064 C.
467 1024 515 1077 7,
553 1020 615 1070 16
660 1016 872 1062 Orellius
916 1014 1191 1059 Weiskium
1240 1021 1431 1059 secutus
1475 1017 1650 1061 edidit:
1713 1024 1880 1061 tamen
1932 1024 2006 1061 est
2063 1018 2318 1072 eiusmodi,

200 1105 429 1166 cupidius
464 1114 518 1151 ut
556 1104 717 1166 magis
752 1102 985 1149 insectari
1014 1101 1225 1146 alterius
1256 1102 1614 1157 innocentiam,
1661 1119 1810 1165 quam
1846 1107 1907 1150 de
1943 1121 1994 1150 se
2028 1106 2197 1151 timide
2231 1122 2319 1150 co-

194 1195 361 1253 gitare
399 1195 658 1250 videntum·
704 1196 752 1239 in
788 1193 925 1238 codd.
965 1199 1037 1236 est
1072 1190 1311 1250 capidem,
1358 1194 1449 1236 nisi
1486 1193 1613 1252 quod
1646 1193 2006 1240 Gemblacensis
2049 1195 2196 1240 habet
2230 1210 2322 1239 cu·-

193 1281 397 1340 pidinis,
432 1283 743 1334 Francianus,
779 1281 994 1325 omnium
1031 1278 1236 1335 infimuS,
1270 1278 1375 1323 eius
1404 1278 1600 1324 omnino
1623 1279 1848 1341 cupidus.
1920 1283 2013 1328 Sed
2048 1284 2322 1328 coniectura

199 1369 279 1413 illa
313 1384 540 1429 perversa
575 1377 676 1428 cst,
733 1383 845 1412 nam
883 1373 937 1411 ut
974 1367 1215 1424 omittam,
1257 1366 1438 1411 nullam
1482 1366 1560 1412 hic
1605 1382 1709 1413 esse
1742 1385 1931 1416 causam
1976 1370 2322 1430 transponendi

199 1458 480 1502 adverbium
515 1463 626 1501 ante
650 1457 1036 1501 coniunctionem
1066 1461 1115 1497 ct
1138 1455 1435 1507 Ciceronem,
1467 1456 1506 1499 si
1540 1456 1815 1515 addidisset,
1851 1460 2142 1518 scripturum
2173 1456 2320 1502 fuisse

203 1544 408 1606 cupide,
450 1552 502 1590 ut
545 1546 604 1590 ad
648 1545 698 1590 id
742 1543 1007 1590 referretur
1054 1541 1252 1596 timide,
1297 1557 1387 1586 nec
1420 1543 1643 1589 vitiosum
1680 1558 1767 1603 per
1797 1560 1850 1590 se
1885 1546 2321 1606 comparativorum

203 1636 388 1678 diverso
413 1635 555 1678 modo
579 1636 846 1691 positorum
881 1647 1167 1676 concursum
1192 1629 1442 1690 (cupidius
1464 1638 1518 1674 ut
1539 1632 1717 1694 magis)
1752 1649 1983 1693 premam,
2018 1640 2163 1688 certe,
2198 1649 2322 1694 quo-

201 1725 328 1765 niam
364 1721 594 1780 cupidius
621 1721 682 1764 ad
712 1719 945 1765 insectari
976 1720 1217 1776 pertinere
1251 1718 1409 1774 debet,
1441 1734 1538 1763 non
1573 1715 1732 1777 potest
1762 1723 1826 1765 ita
1858 1722 1918 1765 ab
1954 1737 2010 1765 eo
2046 1721 2221 1778 divelli,
2266 1729 2321 1765 ut

201 1812 247 1855 id
282 1811 634 1867 interponatur,
675 1822 763 1867 per
796 1807 923 1867 quod
955 1822 1064 1851 cum
1099 1805 1248 1850 altero
1278 1806 1497 1852 membro
1531 1815 1838 1867 comparetur
1876 1807 2057 1871 (magis
2092 1806 2319 1868 cupidius

201 1896 460 1953 insectari,
508 1911 657 1956 quam
693 1895 864 1939 timide
898 1891 1151 1954 cogitare).
1232 1892 1362 1938 Vere
1394 1895 1623 1939 iudicavit
1668 1897 1727 1939 de
1761 1896 1854 1941 hoc
1897 1896 2003 1940 loco
2046 1896 2322 1953 Ernestius3

201 2002 313 2031 nam
351 1985 470 2030 illud
506 1984 718 2044 cupidus
767 2000 828 2029 ex
876 1981 1126 2042 marginali
1161 1988 1245 2027 aut
1278 1982 1578 2028 interlineari
1612 1991 1727 2029 nota
1770 1987 1820 2030 in
1866 1991 2146 2044 contextum
2180 1998 2322 2029 rece-

201 2082 334 2132 ptum
374 2080 473 2130 est,
518 2073 808 2130 adscriptum
859 2072 919 2116 ad
968 2069 1289 2117 definiendum
1335 2077 1468 2116 certo
1513 2073 1734 2128 nomine,
1774 2073 1903 2133 quod
1933 2072 2102 2118 Cicero
2135 2071 2320 2134 integra

201 2163 437 2207 sententia
476 2159 758 2219 complexus
795 2158 1072 2217 videbatur3
1121 2158 1205 2203 sed
1238 2159 1318 2219 qui
1353 2158 1619 2219 adscripsit,
1661 2159 1742 2204 illa
1775 2166 1942 2204 tamen
1976 2165 2048 2204 est
2082 2157 2322 2203 eiusmodi

205 2266 298 2294 non
330 2251 389 2295 de
420 2264 500 2302 re,
547 2249 632 2293 sed
672 2248 732 2291 de
767 2246 929 2291 Caelio
962 2247 1065 2304 ipso
1099 2246 1306 2304 accepit,
1353 2261 1516 2290 errore
1560 2253 1666 2290 orto
1702 2261 1763 2291 ex
1797 2261 1877 2304 eo,
1919 2247 2046 2306 quod
2077 2247 2321 2305 praecedit,

201 2336 349 2394 facit.
416 2336 709 2381 Huiusmodi
745 2334 926 2394 aliquot
960 2333 1301 2388 additamenta,
1336 2333 1665 2377 adnotationes
1700 2335 1858 2392 potius
1887 2349 2026 2394 quam
2063 2334 2319 2380 verborum

202 2429 628 2484 interpretamenta
663 2422 904 2478 habentia,
938 2421 1269 2479 antiquissima
1299 2426 1412 2463 sunt
1445 2422 1496 2464 in
1516 2420 1757 2465 Ciceronis
1794 2423 1936 2466 etiam
1970 2422 2109 2467 bonis
2138 2423 2321 2468 codici·-

202 2516 289 2558 'bus
328 2512 431 2574 (cfr.
470 2513 646 2571 disput.
694 2511 752 2554 de
789 2509 1027 2554 emendat.
1070 2506 1159 2551 loc.
1202 2505 1343 2566 aliqu.
1390 2513 1529 2553 oratt.
1562 2508 1656 2553 Cic.
1700 2524 1744 2569 p.
1782 2517 1842 2563 13
1886 2525 1987 2571 sqq.
2022 2516 2071 2555 et
2114 2511 2174 2555 de
2201 2510 2317 2555 locis

200 2602 444 2647 Verrinar.
479 2607 603 2660 part.
628 2598 681 2643 lI.
717 2613 763 2657 p.
797 2606 821 2649 1
860 2596 1007 2658 sqq.);
1040 2611 1216 2641 nomen
1252 2597 1503 2654 proprium
1539 2598 1604 2642 ita
1639 2600 1851 2645 additum
1887 2601 1937 2644 in
1973 2600 2195 2644 omnibus
2232 2614 2319 2643 co-

202 2690 383 2735 dicibus
419 2687 773 2748 deprehensum
813 2691 886 2730 est
924 2686 971 2728 in
1009 2684 1150 2728 huius
1187 2684 1335 2743 ipsius
1372 2686 1601 2731 orationis
1631 2688 1769 2732 initio
1804 2683 2082 2750 (Atratini.)
2104 2684 2145 2746 ¹)

296 2929 328 2961 ι)
380 2918 418 2951 (7.
445 2932 477 2964 9,
506 2928 544 2950 21
589 2916 797 2951 cedendum
835 2915 984 2949 videtur
1017 2914 1190 2949 codicum
1222 2913 1410 2949 bonorum
1435 2919 1651 2951 auctoritati
1685 2925 1722 2950 et
1762 2918 1953 2950 rhetorico
1988 2913 2150 2949 artificio
2185 2917 2225 2949 in
2258 2916 2318 2950 his

380 2981 453 3014 Sed
475 2985 612 3015 restra*
640 2979 837 3021 sapientia
865 2983 984 3009 tamer.
1011 2983 1087 3011 est.
1128 2977 1287 3015 iudices,
1325 2988 1394 3010 non
1420 2969 1499 3011 Ideo
1525 2978 1624 3011 robis
1650 2990 1790 3023 quoque
1819 2989 1880 3011 vos
1904 2988 2053 3010 causam
2075 2982 2210 3020 putare
2237 2984 2319 3017 etc„
