2555 3236
299 205 366 256 26

229 341 453 389 discessi.
547 339 710 406 Quod
734 339 837 386 hoc
860 338 1063 403 facere
1091 339 1274 403 potui,
1315 325 1621 385 maximam
1656 353 1881 403 partem
1924 342 1987 388 iis
2023 339 2209 388 scholis
2253 342 2345 389 de-

231 429 366 479 beo,
404 445 539 492 quas
575 427 862 475 habebant
897 427 1295 478 Schumacher,
1340 426 1645 491 Saoetorplz,
1686 429 1977 482 Herholdt,
2009 432 2194 495 Bang‚
2233 431 2343 476 Ho-

226 517 380 568 witz,
429 514 753 575 Colsmann,
795 518 1035 580 Fenger,
1090 514 1411 567 VVithusen,
1465 512 1734 566 Callisen,
1822 517 1940 564 Viri
1979 519 2347 570 Illustrissimi,

225 603 594 669 Amplissimi,
674 605 1170 669 Experientissimi,
1252 622 1477 669 quorum
1521 605 1580 649 in
1623 617 1724 650 me'
1756 602 2033 651 collocata
2077 605 2346 671 beneficia

226 693 314 740 hic
355 695 487 740 satis
523 691 831 757 praedicare
878 709 990 738 non
1027 707 1258 757 possum.
1335 692 1613 739 Proeterea
1647 693 1895 738 maxima
1931 690 2054 739 cum
2084 710 2212 740 mea
2245 696 2348 741 uti·-

225 782 391 829 litate
431 780 642 829 scholas
671 780 1073 847 frequentavi,
1114 796 1248 847 quas
1292 779 1574 828 habebant
1610 779 1838 832 Schio‘tt,
1879 779 2085 833 Henck,
2126 780 2344 835 Moller,

231 869 352 920 Viri
398 869 720 931 doctissimi,
790 871 882 937 qui
920 885 1141 917 munere
1185 868 1547 935 chirurgorum
1591 868 2033 918 secundariorum
2077 868 2171 917 illo
2215 879 2348 919 tem·

222 975 360 1024 pore
363 958 769 1025 fungebantur.
847 960 1229 1009 Hornemann,
1274 952 1492 1008 Orsced,
1533 957 1775 1009 Schouw,
1813 959 1989 1010 Zeise,
2026 956 2344 1006 Forchham·

226 1064 374 1098 mer,
437 1048 558 1095 Viri
595 1047 941 1095 Illustrissimi
982 1047 1263 1092 historiam
1303 1043 1655 1095 naturalem,
1707 1062 1826 1110 quce
1866 1055 2129 1098 vocatur,
2177 1046 2346 1111 physi-

232 1152 389 1188 cam,
472 1135 741 1182 chemiam
780 1133 1100 1181 tradebant.
1208 1131 1299 1181 Ab
1346 1148 1409 1179 eo
1453 1143 1733 1190 tempore,
1814 1151 1918 1198 quo
1958 1136 2194 1198 primum
2236 1138 2347 1182 arti

228 1223 458 1270 medicae
494 1241 583 1270 me
622 1222 977 1274 dedideram,
1019 1221 1098 1269 ad
1141 1220 1283 1269 hunc
1326 1239 1488 1287 usque
1527 1221 1672 1268 diem
1697 1221 1884 1270 scholis
1919 1221 2120 1270 clinicis
2140 1241 2346 1288 semper

228 1328 435 1376 magno
475 1311 654 1358 studio
694 1310 924 1372 interfui
932 1329 953 1366 ,·
1024 1312 1082 1355 in
1126 1313 1433 1356 nosocomio
1466 1295 1743 1357 *communi
1787 1310 1948 1358 duces
1987 1304 2156 1358 habui
2207 1309 2348 1359 Tha!

232 1411 287 1447 et
316 1400 404 1447 W
397 1399 554 1450 endt,
602 1399 758 1446 Viros
789 1398 1142 1450 Clarissimos,
1186 1399 1708 1464 Experientissimos,
1749 1401 1808 1444 in
1845 1402 2149 1446 nosocomio
2175 1402 2343 1466 Regio

228 1488 612 1537 Foedericiano
657 1489 822 1552 Bang
866 1497 921 1533 et
966 1487 1280 1546 Withusen,
1346 1488 1503 1535 Viros
1536 1486 1947 1538 Illuscrissimos,
1996 1489 2089 1553 qui
2130 1504 2345 1536 nosoco-

230 1578 339 1625 mio
379 1584 676 1642 praeerant.
797 1575 1163 1641 Frequentavi
1211 1576 1380 1623 etiam
1432 1574 1709 1624 theatrum
1765 1576 2139 1625 anatomicam
2191 1587 2245 1625 et
2287 1579 2346 1625 in

241 1666 607 1713 Universitate
651 1673 707 1711 et
746 1665 803 1710 in
847 1664 1163 1712 Academia
1203 1666 1376 1730 Regia
1426 1663 1773 1730 Chirurgica,
1850 1667 1935 1711 ita
1975 1676 2036 1713 ut
2073 1668 2132 1713 in
2177 1666 2345 1714 cada·

230 1751 445 1800 veribus
480 1751 787 1797 incidendis
828 1768 940 1797 non
989 1753 1336 1799 mediocriter
1391 1755 1721 1799 exercitatus
1769 1768 1946 1802 essem.
1987 1782 1990 1786 -
2075 1752 2352 1803 Absoluto·

232 1842 489 1889 examine
544 1840 757 1886 medico
812 1857 1002 1887 munus
1052 1840 1349 1887 candidati
1403 1841 1687 1906 chirurgici
1736 1842 1794 1886 in
1854 1844 2159 1889 nosocomio
2205 1859 2346 1890 com-

230 1931 383 1977 muni
427 1928 566 1975 duce
619 1926 789 1980 Tha,
837 1931 969 1977 Viro
1020 1927 1350 1981 Clarissimo,
1394 1929 1546 1993 hujus
1585 1932 1877 1977 nosocomii
1908 1931 2343 1997 protochirurgo,

232 2017 466 2068 obtinui,
523 2034 627 2082 quo
674 2034 896 2064 munere
945 2034 1047 2081 per
1092 2033 1186 2065 sex
1226 2017 1358 2080 fere
1412 2033 1586 2065 annos
1624 2018 1855 2081 functus
1905 2035 2020 2066 sum
2074 2018 2343 2083 hodieque

220 2107 449 2171 fungor.
539 2106 852 2168 Impetrata
899 2116 1088 2152 autem
1135 2123 1172 2152 a
1225 2105 1661 2152 moderatoribus
1713 2108 2007 2156 nosocomii
2050 2109 2341 2153 communis

230 2197 433 2253 venia,
480 2196 537 2239 in
577 2197 884 2241 nosocomio
915 2197 1062 2260 regio
1097 2212 1490 2260 puerperarum
1522 2211 1625 2259 per
1659 2197 1893 2259 quinque
1931 2209 2156 2253 menses,
2202 2194 2341 2242 duce

227 2282 525 2347 Saoetorph‚
575 2284 706 2331 Wro
733 2283 1111 2335 Illustrissimo,
1160 2282 1526 2346 Amplissimo,
1568 2292 1747 2328 artem
1784 2280 2149 2329 obstetriciam
2195 2299 2351 2332 exer·-

233 2374 334 2421 cui.
433 2370 568 2417 Cum
612 2374 805 2418 eodem
850 2384 1092 2436 tempore
1123 2373 1315 2436 patria
1366 2369 1573 2433 lugeret
1613 2380 1840 2416 mortem
1875 2372 2188 2436 professoris
2232 2374 2340 2420 cla·

229 2458 431 2517 ris-simi,
478 2459 762 2523 Lunding,
809 2462 1007 2506 medici
1048 2457 1359 2505 secundarii
1401 2457 1554 2519 hujus
1597 2461 1908 2510 nosocomii,
1953 2463 2163 2507 occasio
2208 2462 2350 2509 mihiv

232 2547 427 2596 oblata
472 2558 583 2599 est,
674 2564 794 2593 cum
829 2563 931 2612 per
975 2545 1201 2611 aliquod
1240 2555 1448 2609 tempus
1486 2545 1706 2594 munere
1759 2550 1867 2611 ejus
1893 2548 2193 2614 fungerer)
2252 2542 2361 2600 -z‘n'g

231 2636 424 2685 morbis
463 2637 746 2700 infantum
787 2636 1002 2683 assidue
1038 2635 1314 2684 versandi.
1416 2635 1524 2682 Per
1564 2634 1836 2683 biennium
1875 2637 2112 2690 deinde,
2179 2639 2338 2686 annis

228 2725 1145 2775 MDCCCXXIX-XXX-XXXI,
1194 2727 1299 2769 iter
1335 2740 1438 2787 per
1481 2724 1839 2773 Germaniam
1883 2735 1938 2772 et
1982 2725 2231 2774 Galliam
2274 2736 2353 2773 ut-

215 2816 493 2879 facerem,
511 2847 515 2850 -
533 2814 663 2860 mihi
702 2816 930 2880 contigit
956 2812 1344 2876 ·munzficentia
1373 2815 1530 2881 Regis
1555 2814 1930 2881 Augustissimi
1969 2825 2022 2863 et
2066 2812 2335 2876 beneficiis
2360 2880 2362 2883 ι

230 2904 391 2952 almae
443 2913 638 2951 nostroe
698 2905 1086 2953 Um'versitatis.
1188 2904 1280 2951 Ita
1325 2898 1703 2954 universitates
1730 2893 2151 2968 florentissimas
2192 2903 2347 2957 odiis
