2555 3236
324 205 387 249 22

255 335 422 383 similis
450 336 637 398 generis
669 335 884 380 codicem
918 334 1097 380 habuit.
1174 331 1231 379 In
1264 333 1483 394 proximo
1513 346 1602 392 pro
1636 334 1679 380 si
1711 351 1815 384 sese
1851 340 1993 385 etiarn
2023 338 2169 386 Paris.
2200 341 2345 390 habet

259 425 302 470 si
334 441 399 481 se,
433 441 552 470 sono
575 426 734 469 minus
756 426 958 485 ingrato.
1023 422 1251 468 Proximo
1286 424 1441 483 capite
1463 427 1528 473 20
1563 428 1794 482 extremo,
1823 424 1863 486 §.
1891 434 1969 486 50,
2002 427 2083 473 ubi
2117 430 2343 477 edebatur

260 522 348 559 aut
384 514 695 574 impudentia
728 520 777 557 et
810 512 922 558 huic
957 518 1006 554 et
1039 511 1213 555 ceteris
1252 525 1487 573 magnam
1522 510 1592 555 ad
1624 525 1675 554 se
1719 511 2087 568 defendendum
2113 517 2347 576 faculta-

260 612 357 649 tem
391 602 556 660 dabit,
603 603 811 650 Orellius
847 601 1111 648 rectissime
1145 599 1256 648 Aldi
1299 600 1414 665 (tam
1448 615 1612 649 recens
1644 602 1773 648 enim
1806 602 1899 667 est)
1933 605 2345 666 interpolationem

259 695 463 753 notavit,
504 693 849 754 ineptissimam
887 687 1037 754 (quod
1070 692 1219 739 miror
1253 708 1351 741 non
1376 691 1778 752 animadversum,
1818 708 1880 739 ne
1914 693 1975 740 ab
2021 693 2202 744 Orellio
2236 700 2346 760 qui-

260 786 392 844 dem;
446 784 527 845 qui
574 789 684 829 sunt
726 783 854 829 enim
898 779 969 827 illi
1011 782 1179 840 ceteri,
1226 782 1397 843 quibus
1444 780 1643 828 facultas
1675 780 1962 829 defendendi
1994 784 2067 829 sui
2099 784 2260 844 detur,
2305 791 2346 835 si

259 873 473 920 Caelium
509 879 756 919 accusator
790 872 931 917 certis
965 871 1261 931 definitisque
1291 872 1567 917 criminibus
1596 887 1838 931 aggressus
1871 869 1986 931 sit?)
2028 880 2077 919 et
2108 874 2343 922 soloecam

261 961 353 1024 (ad
384 977 436 1007 se
469 959 842 1020 defendendam
875 961 934 1005 de
968 958 1196 1019 pluribus,
1232 960 1360 1020 quod
1391 965 1645 1019 patronum
1679 959 1856 1006 habere
1890 961 2107 1021 debebat,
2141 965 2222 1024 qui
2254 964 2346 1009 deq

253 1051 572 1111 senciendum
609 1051 890 1112 gerundium
927 1064 1028 1093 esse
1061 1049 1287 1112 doceret).
1372 1049 1570 1093 Codices
1620 1055 1844 1110 quattuor
1876 1050 2094 1097 meliores
2127 1060 2217 1097 aut
2249 1052 2346 1098 im-

260 1140 503 1201 pudentia
535 1148 584 1185 et
616 1139 730 1184 huic
760 1137 1127 1196 defendendum
1153 1136 1455 1195 facultatem
1489 1136 1637 1197 dabit,
1672 1138 1751 1184 alii
1784 1137 2100 1197 defendendi.
2170 1142 2346 1188 Sensus

260 1238 393 1291 patet
402 1248 417 1290 ;
471 1230 616 1276 verba
647 1230 802 1273 minus
837 1228 959 1273 bene
989 1227 1198 1272 Orellius
1241 1229 1461 1285 restituit,
1490 1234 1554 1281 et,
1593 1243 1699 1288 quae
1725 1243 1865 1273 causa
1897 1228 1990 1274 fuit
2014 1230 2344 1290 interpolandi‚

258 1320 457 1366 licenter
500 1321 551 1366 in
590 1318 662 1364 ad
702 1325 886 1364 mutato
932 1324 982 1363 et
1021 1319 1303 1376 pronomine
1360 1334 1458 1363 non
1514 1324 1626 1376 apto
1684 1319 1852 1377 posito.
1874 1317 1915 1380 ¹)
2013 1321 2114 1366 Nec
2158 1322 2343 1368 dativus

263 1410 431 1455 abesse
463 1415 635 1470 potest.
710 1407 915 1454 Videtur
948 1408 1093 1468 igitur
1126 1408 1453 1453 scribendum:
1504 1413 1595 1451 aut
1626 1405 1932 1468 impudentia
1966 1407 2011 1453 ei
2044 1408 2121 1454 sui
2163 1409 2346 1469 desen-

262 1498 411 1544 dendi
442 1497 750 1557 facultatem
796 1496 946 1543 dabit.
1046 1497 1186 1544 Levis
1233 1503 1282 1542 et
1323 1496 1546 1557 frequens
1593 1511 1727 1543 error
1770 1496 2015 1558 archetypi
2054 1495 2122 1559 (et
2160 1514 2249 1559 pro
2280 1501 2343 1562 ei)

263 1589 427 1635 turbas
463 1589 699 1634 excitavit.

443 1677 670 1737 Superest
702 1677 762 1721 dc
804 1676 907 1721 aliis
936 1675 1215 1736 quibusdam
1248 1675 1340 1721 loci
1375 1676 1643 1734 disputandi
1688 1677 1912 1736 materia3
1964 1678 2048 1723 sed
2081 1679 2163 1724 diu
2193 1679 2345 1725 lecto-

261 1782 338 1814 res
374 1768 425 1812 in
468 1766 670 1812 exilibus
707 1766 852 1812 rebus
896 1766 1147 1811 tenuimus.
1237 1764 1400 1825 ltaque
1441 1763 1532 1810 illis
1576 1766 1627 1810 in
1666 1764 1793 1811 aliud
1840 1773 2027 1826 tempus
2061 1769 2248 1814 reiectis
2288 1786 2342 1816 ea

261 1854 578 1916 proferemus,
634 1856 693 1900 de
724 1854 895 1917 quibus
936 1870 1099 1900 rerum
1134 1854 1508 1899 academicarum
1543 1861 1812 1900 nostrarum
1847 1856 2084 1902 studiosos
2121 1859 2342 1903 certiores

260 1944 420 1990 facere
453 1946 568 1990 iussi
597 1960 777 1991 sumus.

437 2033 495 2079 In
527 2036 645 2080 duos
677 2035 804 2080 enim
834 2034 1082 2080 medicinae
1115 2031 1395 2091 licentiatos,
1434 2048 1550 2094 quos
1584 2034 1646 2079 ob
1683 2034 1811 2080 edita
1842 2034 2021 2094 ingenii
2054 2040 2103 2079 et
2134 2036 2341 2081 scientiae

260 2124 520 2183 specimina
552 2123 754 2169 facultas
801 2125 983 2169 medica
1013 2124 1207 2168 summis
1251 2125 1301 2169 in
1345 2138 1430 2168 sua
1461 2130 1563 2169 arte
1604 2122 1865 2169 honoribus
1907 2123 2073 2182 dignos
2107 2124 2341 2182 indicavit,

261 2229 349 2259 rex
380 2216 757 2276 augustissimus,
791 2222 846 2260 ut
877 2215 911 2259 ii
943 2215 1034 2260 rite
1069 2213 1389 2271 conferantur,
1424 2215 1651 2274 permisit.
1721 2212 1820 2270 Qui
1849 2227 1988 2273 quem
2023 2213 2132 2258 vitae
2159 2221 2208 2259 et
2236 2222 2341 2259 stu-

263 2303 449 2349 diorum
478 2320 671 2350 cursum
705 2304 974 2361 habuerint,
1008 2305 1100 2364 ipsi
1134 2309 1387 2363 exponent.

353 2525 388 2565 1)
437 2523 511 2556 Hic
536 2522 676 2556 dicitur
699 2531 798 2562 reus,
823 2533 938 2565 quum
962 2534 983 2556 a
1006 2527 1164 2566 patrono
1193 2517 1475 2560 demonstratur,
1506 2529 1580 2553 non
1606 2523 1828 2564 nominatur,
1861 2523 1918 2558 hic
1942 2522 2066 2558 addito
2090 2524 2241 2557 nomine
2266 2523 2337 2556 ali-

434 2588 520 2629 quis
547 2596 568 2619 e
592 2581 857 2629 praesentibus5
882 2584 915 2617 is
938 2583 1147 2617 necessario
1174 2582 1338 2625 ponitur,
1363 2579 1430 2615 ubi
1451 2578 1612 2616 refertur
1634 2594 1839 2628 pronomen
1860 2585 1905 2621 ad
1928 2596 2123 2631 personam
2147 2588 2186 2619 in
2210 2584 2336 2620 eadem

434 2647 616 2681 sententia
644 2646 884 2687 nominatam,
916 2651 958 2678 ut
982 2642 1054 2678 hoc
1078 2642 1163 2677 loco
1186 2643 1372 2687 praecessit
1394 2640 1508 2676 Caelii
1530 2652 1677 2678 nomen.

1060 2833 1480 2848 ----r<---——-————-‡—
1492 2838 1527 2843 «ω-
1577 2839 1612 2843 —--
