2555 3236
2186 180 2248 228 17

412 318 466 365 C,
491 325 566 375 10,
600 319 677 371 24,
713 312 797 358 ubi
829 319 987 358 orator
1019 312 1187 359 Dionis
1210 310 1520 357 Alexandrini
1554 310 1809 357 familiares
1845 322 2198 372 commemorat,
2234 332 2316 362 ve-

241 413 362 467 reor,
395 423 456 454 ne
489 405 963 465 frustraeorrigendi
994 418 1140 463 opera
1169 403 1449 459 insumatur,
1501 404 1728 480 quoniam!
1749 404 1798 447 in
1833 417 1890 447 eo
1922 404 2097 462 codice,
2132 420 2192 450 ex
2225 422 2319 467 quo

240 500 392 544 nostri
428 496 625 542 derivati
646 497 778 554 sunt,
814 492 1041 540 nonnulla
1076 492 1154 537 hic
1186 491 1279 552 legi
1307 507 1404 537 non
1436 492 1661 551 potuisse,
1711 499 1926 550 apertum
1953 500 2024 538 est
2052 510 2112 540 ex
2146 496 2318 543 codicis

240 588 518 632 Parisiensis
554 586 717 645 primae
750 599 916 629 manus
935 584 1193 641 scriptura3
1227 581 1317 642 ⁴(in
1336 597 1427 642 quo
1455 580 1658 627 vacuum
1681 583 1886 640 spatium
1907 584 2083 628 indicio
2106 592 2188 644 est,
2221 602 2321 632 non

243 687 405 717 errore
438 674 593 719 media
614 676 664 719 in
695 673 955 732 archetypo
990 672 1164 716 omissa
1191 668 1380 730 fuisse);
1415 685 1519 715 eam
1554 669 1770 716 lacunam
1804 673 1885 731 qui
1918 672 2140 732 supplere
2172 675 2221 719 in
2239 674 2322 720 illo

245 762 407 808 codice
439 771 634 809 conatus
670 770 764 821 est,
809 762 938 807 unde
958 761 962 765 ’
981 761 1033 805 in
1079 766 1260 805 ceteros
1293 758 1673 818 supplementum
1709 761 1860 818 venit,
1904 763 2091 807 videtur
2125 764 2321 824 vestigia

246 853 444 899 obscura
477 854 696 915 persequi
726 851 941 908 voluisse,
965 849 1209 911 (alioquin
1242 850 1367 894 enim
1389 862 1452 930 ea..¹
1478 847 1802 907 supplevisset,
1836 866 1941 911 quae
1976 851 2174 912 intelligi
2206 868 2324 912 pos-

244 943 382 1007 sent,)
404 940 446 1005 ¹)
480 944 563 989 sed
595 958 655 988 ex
677 942 810 987 initio
839 938 1023 986 lacunae
1041 938 1159 986 nihil
1188 939 1421 986 extricare
1448 938 1669 1000 potuisse.
1738 937 1920 1003 (Neque
1942 941 2324 1002 supplementum

243 1039 400 1078 totum
430 1033 634 1093 spatium
668 1030 872 1092 explere,
898 1029 1165 1090 Krarupius
1196 1029 1460 1089 adnotavit3
1494 1027 1663 1074 vellem
1691 1030 1824 1089 scire,
1858 1038 2086 1092 quantum
2110 1031 2201 1078 hoc
2232 1030 2327 1095 sit.)

244 1122 368 1168 Nam
409 1124 582 1167 nomen
627 1121 873 1166 hominum
919 1126 987 1165 et*
1010 1134 1273 1179 pronomen
1319 1117 1568 1164 relativum
1602 1120 1651 1163 in
1696 1120 2026 1180 supplemento
2070 1137 2165 1167 non
2200 1129 2326 1174 sunt,

247 1211 567 1271 confiteorque
599 1226 676 1255 me
709 1211 907 1263 nescire,
946 1211 1073 1254 unde
1106 1209 1251 1252 homo
1283 1209 1633 1265 audacissimus»,
1665 1211 1744 1268 qui
1776 1211 1971 1255 ineunte
2004 1212 2164 1256 seculo
2196 1211 2326 1256 XVI.

247 1307 358 1359 post
382 1301 557 1359 primas
593 1300 821 1344 editiones
857 1315 964 1344 cum
1000 1297 1489 1355 codd-conspirantes
1522 1294 1625 1340 haec
1659 1297 1725 1341 ita
1754 1298 2068 1357 interpolavit,
2099 1307 2154 1345 ut
2186 1299 2326 1360 vulgo

250 1388 479 1446 eduntur,
529 1385 763 1448 Coponios
799 1384 905 1431 illos
950 1384 1095 1432 fuisse
1136 1386 1374 1444 rescierit,
1418 1385 1477 1430 de
1521 1399 1614 1446 quo
1648 1387 1886 1431 neminem
1920 1388 2233 1448 interpretum
2268 1404 2330 1433 ne

250 1475 396 1521 verbo
430 1475 621 1536 quidem
667 1476 922 1520 admonere
963 1458 1115 1529 video.
1195 1473 1420 1520 Edendus
1455 1479 1526 1518 est
1568 1474 1713 1533 igitur
1755 1478 2023 1521 necessario
2065 1476 2194 1522 locus
2236 1477 2329 1522 hoc

250 1567 375 1613 tristi
409 1570 629 1626 aspectu.-
691 1564 829 1613 Titus
864 1562 1099 1627 Gaiusque
1132 1561 1160 1591 *
1180 1561 1207 1590 *
1226 1561 1266 1627 †
1308 1563 1438 1609 omni
1472 1578 1581 1609 cum
1618 1562 1840 1609 doctrina
1873 1563 2015 1610 homo
2048 1573 2197 1627 atque
2231 1565 2330 1612 hu·-

254 1654 520 1701 manitatis.
610 1653 662 1699 In
693 1655 773 1708 iis,
833 1670 938 1715 quae
978 1661 1088 1715 post
1120 1654 1193 1700 W
1194 1652 1391 1699 eiskium
1427 1653 1632 1698 Orellius
1671 1660 1843 1711 tentat,
1885 1655 2330 1714 reprehendendum

250 1745 456 1790 maxime
488 1749 579 1801 est,
627 1743 754 1803 quod
786 1743 941 1787 teneri
981 1741 1287 1788 humanitate
1321 1756 1409 1801 pro
1440 1757 1497 1786 eo
1532 1743 1658 1802 quod
1693 1748 1764 1785 est
1796 1741 2116 1789 humanitatis
2149 1745 2328 1799 studio,

252 1841 301 1880 et
333 1832 486 1879 teneri
518 1832 759 1878 communi
793 1832 1015 1878 doctrina
1047 1833 1107 1879 de
1138 1833 1211 1886 iis,
1243 1832 1325 1891 qui
1357 1832 1671 1877 communiter
1702 1832 1929 1878 doctrinae
1963 1834 2198 1892 studeant,
2237 1834 2331 1880 dici

253 1921 404 1970 voluit
434 1928 600 1968 contra
632 1937 771 1967 usum
805 1923 1034 1967 sermonis
1066 1921 1239 1967 Latini.

429 2012 482 2057 C.
519 2020 593 2069 13,
620 2019 683 2064 32
717 2011 807 2056 etsi
839 2018 1022 2057 rectum
1059 2018 1155 2069 est,
1200 2012 1325 2071 quod
1358 2012 1531 2055 editur:
1579 2010 1692 2063 Sin,
1738 2010 1836 2055 ista
1881 2012 2083 2057 muliere
2129 2020 2329 2069 remota,

257 2116 413 2162 neque
444 2099 623 2145 crimen
658 2098 811 2145 ullum
844 2115 932 2144 nee
973 2115 1091 2160 opes
1133 2099 1206 2143 ad
1236 2099 1629 2160 oppugnandum
1666 2100 1878 2146 Caelium
1908 2101 2006 2145 illis
2050 2101 2331 2162 relinquen-³

259 2200 355 2244 tur,
374 2216 440 2224 —-
456 2197 617 2235 tamen
649 2192 975 2236 auctoritatem
1008 2191 1226 2249 exiguam
1248 2181 1407 2246 habet,
1441 2204 1529 2233 nec
1560 2191 1735 2235 mutari
1760 2191 1936 2249 debuit,
1957 2193 2088 2252 quod
2118 2193 2169 2237 in
2191 2190 2334 2237 Pari-

260 2280 404 2325 siensi
435 2279 596 2324 codice
630 2264 802 2339 legitur
834 2278 1170 2340 relinquontur
1207 2275 1616 2342 (relinquuntur),
1650 2279 1777 2324 unde
1801 2279 2089 2339 reliquorum
2125 2283 2335 2341 scriptu-³

260 2384 338 2415 ras
359 2367 507 2430 (velut
528 2367 781 2415 Bernensis
799 2370 971 2429 prioris
1003 2375 1052 2415 et
1077 2366 1181 2415 Erf.
1208 2366 1568 2429 relinquantur)
1604 2374 1729 2413 ortas
1763 2383 1864 2413 esse
1894 2375 2040 2428 patet.
2108 2368 2205 2415 Iam
2234 2385 2329 2414 non

262 2467 361 2504 tam
397 2458 457 2502 de
492 2463 664 2504 eventu
698 2456 984 2504 defensionis
1019 2472 1160 2519 quam
1195 2457 1256 2503 de
1287 2462 1413 2503 statu
1444 2472 1600 2502 causae
1628 2457 1753 2515 dicit,
1791 2464 1847 2504 ut
1879 2456 2219 2520 relinquuntur
2250 2459 2333 2504 nia

262 2547 332 2594 hil
363 2545 466 2594 fere
494 2545 623 2592 aliud
659 2546 720 2592 sit
753 2563 893 2609 quam
920 2554 1171 2609 praeterea
1203 2552 1329 2593 sunt.

437 2794 637 2828 sciendum
660 2801 783 2829 tamen
810 2801 876 2837 est,
901 2801 989 2840 post
1015 2795 1124 2829 illum
1147 2797 1357 2840 genitivum
1380 2803 1564 2838 nusquam
1590 2792 1681 2828 alibi
1709 2792 1926 2830 Ciceronem
1944 2795 2139 2842 infinitivo*
2160 2802 2339 2835 accusati-

437 2866 527 2889 vum
560 2854 793 2900 superfluum
816 2855 975 2896 addere;
1017 2866 1086 2890 nec
1115 2857 1215 2902 apud
1239 2857 1330 2890 alios
1364 2856 1517 2889 memini
1542 2854 1581 2888 id
1604 2856 1741 2903 legere.

352 2936 384 2974 ι)
433 2930 518 2967 Alia
543 2942 675 2967 eorum
700 2931 871 2969 codicum
895 2934 987 2967 ratio
1012 2939 1080 2975 cst,
1101 2934 1141 2966 iu
1165 2942 1260 2977 quos
1282 2931 1584 2978 supplementum
1607 2931 1823 2967 translatum
1849 2940 1915 2977 est,
1946 2944 2022 2968 non
2046 2942 2184 2969 natum.

2053 3004 2080 3043 3
