2555 3236
210 804 474 912 Quattuor
508 830 609 875 fere
643 835 755 873 sunt
790 829 927 884 anui,
977 840 1124 887 quum
1163 827 1233 871 vir
1263 826 1589 880 doctissimus,
1634 827 1692 871 N.
1727 829 1779 872 B.
1813 828 2040 886 Krarup,
2094 830 2212 874 mihi
2244 833 2316 874 si-

206 919 469 976 gnificavit,
507 933 581 976 se,
619 931 764 977 quum
799 918 965 975 paucis
998 921 1109 960 ante
1144 915 1279 967 annis
1313 914 1509 960 Parisiis
1545 923 1829 973 versaretur,
1864 924 2040 975 praeter
2073 917 2193 962 alios
2227 934 2315 962 co-

207 1010 333 1052 dices
367 1007 654 1065 scriptorum
691 1005 1110 1050 Ciceronianorum
1153 1004 1271 1049 duos
1304 1005 1726 1063 praestantissimos
1771 1004 2024 1065 diligenter
2071 1012 2313 1064 tractasse,

208 1097 288 1155 qui
334 1094 513 1154 aliquot
547 1094 788 1139 Ciceronis
820 1094 1059 1144 orationes
1090 1093 1421 1148 continerent,
1487 1091 1607 1137 alter
1644 1092 1981 1137 Verrinarum·
2007 1092 2155 1139 libros
2191 1096 2310 1139 duos

206 1191 472 1239 extremm,
516 1182 660 1240 alter,
700 1184 780 1243 qui
813 1183 864 1227 in
897 1181 1187 1226 bibliotheca
1219 1182 1351 1241 regia
1386 1186 1519 1238 7794
1554 1189 1858 1239 numeratur,
1911 1197 2016 1241 eas,
2061 1199 2168 1244 quae
2201 1191 2313 1229 sunt

204 1288 290 1330 pro
328 1273 383 1317 P.
419 1272 598 1329 Sestio,
634 1273 683 1316 in
718 1271 775 1314 P.
814 1269 1087 1325 Vatinium,
1123 1283 1211 1327 pro
1245 1267 1314 1312 M.
1349 1268 1534 1325 Caelio,
1570 1271 1628 1314 de
1664 1272 1921 1329 provinciis
1958 1271 2306 1323 consularibus,

202 1375 292 1418 pro
320 1358 385 1402 M.
420 1358 648 1408 Cornelio
681 1357 862 1413 Balbo,
927 1371 1189 1416 eorumque
1223 1357 1439 1401 codicum
1475 1359 1724 1415 scripturis
1774 1373 1800 1400 a
1835 1372 1885 1401 se
1919 1360 2096 1403 notatis
2144 1361 2310 1403 utendi

201 1447 491 1491 liberrimam
528 1452 813 1504 potestatem
850 1442 1034 1490 obtulit.
1132 1443 1187 1488 ld·
1220 1442 1337 1488 mihi
1369 1451 1643 1503 pergratum
1676 1452 1792 1489 erat.
1887 1445 2011 1491 Nam
2058 1461 2205 1506 quum
2252 1448 2311 1491 ad

203 1535 430 1579 Verrinas
467 1533 787 1578 emendandas
824 1531 967 1590 paulo
1005 1539 1115 1577 ante
1158 1533 1262 1590 ipse
1311 1533 1359 1576 in
1406 1531 1603 1590 epistola
1639 1533 1698 1577 ad
1734 1531 1970 1577 Orellium
2004 1547 2119 1577 usus
2153 1547 2308 1578 essem

202 1621 483 1667 lectionibus
519 1622 698 1681 egregii
732 1620 906 1665 codicis
938 1619 1219 1665 Parisiensis
1254 1626 1366 1666 ante
1401 1621 1496 1663 duo
1532 1620 1706 1664 saecula
1744 1621 1979 1679 excerptis
1996 1652 2012 1675 ‚
2066 1622 2186 1666 scire
2220 1638 2310 1666 cu-

202 1711 413 1769 piebam,
466 1710 635 1769 ecquid
662 1709 773 1754 novi
810 1707 1008 1752 subsidii
1043 1707 1237 1752 afferret
1270 1706 1349 1751 illa
1387 1708 1484 1751 sive
1520 1709 1732 1753 eiusdem
1764 1710 1940 1753 codicis
1974 1724 2100 1754 nova
2133 1724 2308 1768 perve-

202 1799 391 1855 stigatio
428 1799 528 1842 sivo
562 1796 756 1846 alterius
789 1794 925 1840 valde
958 1793 1151 1851 similis,
1206 1808 1361 1853 neque
1398 1796 1523 1838 enim
1559 1796 1722 1850 statim
1755 1795 1975 1854 patebat,
2008 1801 2119 1841 utra
2153 1799 2309 1842 verior

203 1891 327 1930 esset
348 1884 509 1943 opinio
533 1880 588 1942 ¹).
653 1883 749 1926 Eas
778 1888 938 1926 autem
965 1882 1219 1938 orationes,
1255 1896 1361 1940 quae
1395 1882 1446 1925 in
1480 1881 1631 1926 altero
1665 1883 1829 1926 codice
1860 1889 2012 1941 erant,
2045 1885 2161 1929 satis
2190 1884 2308 1929 mihi

202 1972 447 2018 constabat
490 1985 646 2029 neque
698 1971 835 2014 initio
889 1983 951 2017 cx
1003 1969 1139 2013 bonis
1198 1969 1441 2013 codicibus
1492 1970 1641 2014 editas
1699 1984 1858 2029 neque
1914 1977 2083 2029 postea
2141 1987 2305 2018 eorum

201 2076 291 2118 ope
335 2064 610 2104 constanter
653 2063 701 2100 et
744 2056 897 2114 perite
941 2056 1216 2103 emendatas
1262 2071 1391 2112 esse,
1459 2058 1751 2117 omninoque
1790 2058 1841 2102 in
1881 2057 1955 2102 his
1998 2060 2307 2116 orationibuS,

201 2164 308 2209 quae
339 2146 482 2207 vulgo
514 2146 670 2191 minus
709 2144 919 2189 studiose
951 2142 1303 2201 lectitarentur,
1376 2145 1534 2189 minus
1582 2146 1753 2202 etiam,
1816 2161 1960 2205 quam
2003 2147 2053 2191 in
2097 2145 2306 2206 reliquis,

198 2237 374 2281 criticae
409 2249 593 2293 operae,
660 2248 765 2293 quae
797 2234 989 2293 quidem
1024 2230 1267 2276 fructuosa
1301 2240 1452 2289 esset,
1512 2235 1750 2292 positum3
1820 2236 1979 2293 itaque
2015 2235 2224 2293 plurima
2258 2243 2307 2280 et

199 2323 477 2384 gravissima
513 2322 687 2366 menda
716 2320 820 2365 tolli
856 2336 918 2365 ex
951 2321 1009 2365 iis
1039 2334 1193 2378 posse,
1229 2322 1270 2365 si
1305 2323 1408 2380 quis
1443 2323 1655 2366 codicem
1691 2337 1717 2364 a
1746 2322 2100 2379 recentissimiS,
2135 2323 2307 2382 quibus

198 2411 414 2471 vulgares
447 2409 558 2453 libri
586 2409 935 2466 obsiderentur,
970 2407 1418 2467 interpolationibus
1444 2411 1704 2454 immunem
1739 2416 1908 2454 nactus
1929 2416 2067 2456 esset.
2134 2408 2300 2455 Talem

198 2504 357 2545 autem
396 2497 722 2542 *Parisiensem
766 2494 900 2540 illum
936 2509 1039 2540 esse
1081 2510 1182 2540 non
1228 2495 1382 2541 solum
1426 2498 1529 2553 ipsa
1580 2498 1843 2556 antiquitas
1896 2496 2190 2553 ostendebat,
2238 2521 2327 2559 —-

198 2587 313 2633 noni
351 2584 478 2630 enim
522 2582 670 2628 seculi
718 2582 968 2628 dicebatur
1009 2597 1112 2628 esso
1159 2599 1249 2628 nec
1292 2583 1351 2626 ab
1398 2584 1625 2642 opinione
1662 2598 1849 2645 magnae
1893 2592 2024 2629 certe
2058 2588 2303 2632 vetustatis

198 2671 488 2720 abhorrebat
533 2669 764 2718 vocabula
807 2670 1047 2717 scribendi
1094 2677 1315 2718 constans
1360 2673 1499 2730 ratio,
1537 2694 1603 2705 —
1636 2688 1803 2719 verum
1845 2675 1989 2718 etiam
2035 2674 2299 2719 multorum

295 2835 327 2870 1)
374 2829 575 2864 Veriorem
598 2829 715 2864 fuisse
737 2832 1007 2874 posteriorem,
1041 2839 1164 2874 nuper
1183 2829 1434 2864 demonstravi
1465 2833 1504 2865 in
1535 2832 1718 2868 dissertat.
1753 2835 1837 2868 crit.
1861 2832 1905 2867 de
1936 2833 2031 2868 locis
2057 2834 2198 2878 aliquot
2224 2833 2298 2868 Cn.

372 2898 480 2925 oratt.
510 2891 664 2926 Verriu.
692 2902 725 2936 p.
760 2891 774 2924 Ι
801 2889 924 2936 (1832)
953 2901 988 2935 p.
1016 2890 1037 2924 4
1065 2897 1140 2927 uot.
1171 2896 1207 2924 et
1233 2901 1268 2937 p.
1297 2889 1332 2925 ΙΙ
1358 2890 1483 2933 (1835)
1509 2902 1547 2937 p.
1577 2895 1614 2925 14
1643 2900 1720 2928 not.

1991 2960 2042 3000 1⁴}
