2555 3236
2233 258 2297 308 25

257 392 449 437 triciam
495 391 547 435 in
584 388 858 436 nosocomio
894 402 1291 449 puerperarum,
1350 386 1486 448 'quod
1538 388 1849 434 moderatore
1896 388 2149 449 Saxtorph
2160 421 2178 445 ,
2244 391 2366 437 Viro

257 480 448 538 illust&
484 480 536 523 in
561 477 655 523 hac
680 477 798 524 urbe
827 477 978 539 viget,
1011 475 1288 532 exercendi,
1319 491 1375 520 eo
1402 475 1615 521 maxime
1636 476 1845 523 intendit
1878 480 2093 533 animus,
2118 486 2176 523 ut
2202 494 2367 527 omnes

259 568 409 614 horas
441 583 474 611 a
512 566 663 612 variis
692 565 900 627 negotiis
933 565 1134 610 relictas
1166 564 1219 609 in
1248 563 1411 608 altera
1458 562 1806 609 dissertatione
1845 566 2152 626 conficienda
2186 583 2371 614 consu-

256 670 464 708 merem,
509 670 659 716 quam
695 657 755 701 de
795 654 1059 714 Sympodia
1098 668 1183 698 seu
1223 654 1580 699 monstrositate
1624 652 1926 700 Sireniformi
1962 654 2253 714 inscriptam
2286 658 2366 701 die

260 744 420 790 leo
455 743 631 790 mensis
660 742 792 790 Maii
821 742 973 803 liujus
1006 740 1154 796 anni,
1198 741 1445 786 adnuente
1483 740 1792 801 amplissimo
1826 742 2127 787 medicorum
2168 744 2368 800 Ordine,

257 832 564 879 eruditorum
596 831 814 879 examini
847 830 1064 879 modeste
1098 829 1321 884 submisi,
1361 836 1416 875 ut
1450 844 1663 877 summos
1697 829 1748 875 in
1792 838 1901 877 arte
1937 831 2128 877 medica
2160 831 2369 880 honores

260 920 353 965 rite
387 920 718 981 impetrarem.

1277 1215 1366 1277 Π.

256 1322 588 1408 Fredericus
630 1359 984 1407 Ferdinandus
1017 1360 1245 1407 Mourier
1291 1368 1439 1407 natus
1485 1377 1593 1407 sum
1633 1360 1797 1420 pridie
1840 1359 2086 1407 Calendas
2136 1361 2367 1407 Octobres

257 1463 388 1492 anno
423 1448 686 1494 MDCCC]
689 1448 747 1492 V
772 1448 823 1491 in
854 1449 1054 1508 proedio
1086 1448 1358 1502 Fioniensi,
1400 1449 1700 1506 Hindemae,
1735 1455 1889 1508 patre
1920 1448 2232 1495 dilectissimo
2266 1449 2368 1494 Ca-

255 1536 361 1579 rolo
393 1535 630 1593 Adolplzo
664 1536 912 1595 Dionysio
945 1536 1187 1594 Mourier‚
1230 1544 1391 1579 matre
1408 1537 1663 1606 piissima.
1679 1535 1914 1580 Johanna
1953 1536 2188 1581 Susanna
2220 1538 2366 1582 Skib-

255 1624 377 1670 sted.
483 1622 571 1669 Ad
613 1623 840 1683 quintum
884 1625 1127 1669 decimum
1166 1640 1318 1685 usque
1361 1640 1550 1668 annum
1592 1624 1644 1668 in
1688 1624 1832 1667 domo
1874 1632 2099 1683 paterna
2142 1625 2366 1671 eruditus

256 1726 392 1768 sum;
435 1726 569 1756 anno
603 1719 771 1756 autem
803 1713 1177 1761 MDCCCXIX
1208 1712 1428 1774 publicae
1476 1712 1657 1759 schola.»
1690 1711 2058 1773 Neoburgensis
2093 1713 2367 1774 disciplinoe

256 1798 472 1847 traditus
504 1815 626 1847 sum.
705 1799 770 1846 In
810 1798 901 1846 illa
935 1799 1127 1861 schola,
1180 1817 1329 1863 quam
1372 1800 1501 1863 regit
1535 1799 1724 1861 ijm,
1760 1799 2111 1862 'Philosophiae
2155 1803 2364 1856 Doctor,

261 1887 357 1936 Vir
390 1887 724 1947 Clarissimus,
772 1889 824 1935 in
861 1888 1039 1937 litteris
1076 1888 1356 1938 liberalibus
1398 1889 1645 1938 discendis
1674 1888 1941 1940 triennium
1978 1898 2203 1939 versatus
2229 1906 2366 1950 sum3

251 1992 347 2039 per
379 1977 510 2023 idem
544 1986 740 2040 tempus
772 1977 942 2025 multis
974 1978 1265 2041 magnisque
1308 1977 1553 2039 beneficiis
1586 1977 1716 2025 alius
1757 1978 1874 2025 Viri
1910 1978 2200 2039 Clarissimi,
2242 1979 2368 2028 Mii-

256 2066 403 2122 lertz,
447 2066 784 2128 Philosophiae
825 2067 1087 2124 Doctoris,
1125 2067 1209 2129 qui
1234 2059 1467 2129 proximo
1495 2074 1611 2128 post
1649 2082 1761 2111 eum
1783 2065 2107 2129 fungebatur
2146 2083 2366 2122 munere,

255 2170 442 2217 magna
475 2170 587 2200 cum
620 2170 731 2200 mea
764 2154 980 2200 utilitate
1015 2162 1224 2203 ornatus
1256 2170 1394 2211 sum,
1436 2155 1581 2217 cujus
1611 2154 1958 2201 benevolentiae
1990 2171 2183 2218 semper
2210 2164 2363 2218 grato

257 2244 423 2288 animo
458 2259 645 2289 memor
678 2259 775 2292 ero.
849 2244 999 2290 Anno
1033 2243 1436 2290 MDCCCXXII
1463 2245 1537 2288 ad
1568 2243 1754 2288 almam
1790 2252 2013 2290 nostram
2057 2245 2368 2290 Universita—

256 2341 356 2378 tem
390 2348 417 2377 e
443 2331 611 2378 schola
645 2332 873 2379 dimissus
894 2347 1020 2387 sum,
1054 2340 1103 2377 et
1129 2340 1248 2393 post
1281 2346 1486 2377 examen
1522 2333 1726 2386 artium,
1761 2334 1897 2393 quod
1926 2341 2149 2387 vocatur,
2181 2333 2233 2378 in
2269 2349 2364 2394 quo

257 2421 397 2468 haud
429 2419 735 2468 illaudabilis
770 2420 1033 2482 judicatus
1065 2437 1197 2478 sum,
1238 2420 1368 2467 inter
1409 2421 1539 2469 cives
1580 2421 1888 2467 academicos
1924 2429 2165 2483 receptus.
2241 2424 2362 2467 Post

258 2525 446 2556 annum
475 2524 679 2555 examen
703 2508 1061 2570 philologicum
1106 2517 1156 2555 et
1191 2508 1593 2571 philosophicum
1626 2509 1699 2554 ita
1730 2508 1958 2565 sustinui,
1997 2519 2053 2556 ut
2094 2508 2363 2556 laudabilis

248 2598 523 2662 judicarer.
622 2596 701 2646 Ab
741 2612 798 2642 eo
835 2596 952 2643 inde
981 2605 1199 2661 tempore
1243 2604 1401 2643 totum
1436 2613 1514 2643 me
1559 2597 1661 2643 arti
1703 2597 1908 2644 medicae
1948 2597 2115 2645 dedidi
2147 2605 2196 2643 et
2228 2612 2362 2643 anno

258 2686 656 2735 MDCCCXXV
649 2686 715 2732 II
742 2701 949 2732 examen
997 2686 1639 2749 anatomico—clzirurgicum
1684 2695 1732 2732 et
1772 2687 2266 2750 medico-practicam
2311 2687 2364 2732 in

257 2774 531 2824 Academia
566 2776 731 2837 Regia
766 2775 1059 2837 Chirurgica
1092 2777 1165 2822 ita
1195 2776 1435 2832 sustinui,
1485 2785 1541 2821 ut
1573 2777 1702 2821 inter
1729 2776 1992 2838 chirurgos
2017 2778 2200 2840 primoe
2231 2777 2363 2822 clas-

260 2866 327 2913 sis
385 2864 642 2925 reciperer.
682 2883 685 2885 ·
740 2867 931 2914 Eodem
985 2881 1122 2912 anno
1173 2881 1379 2912 examen
1434 2866 1623 2911 medico
1646 2893 1676 2900 —
1697 2864 2030 2928 chirurgicum
2092 2867 2363 2929 rigorosum

262 2956 313 3000 in
371 2953 700 3001 Universitate
743 2963 916 3003 nostra
959 2954 1169 3013 absolvi,
1249 2963 1298 3000 et
1346 2970 1406 3000 ex
1454 2954 1541 3000 hoc
1586 2969 1779 3017 quoque
1827 2956 2051 3002 examine
2101 2954 2364 3001 laudabilis

2077 3044 2103 3084 4
