2555 3236
2224 238 2254 288 9

215 370 410 416 omnino
444 370 493 412 in
519 365 608 410 hac
642 378 695 409 re
719 365 934 425 gerundii
961 366 1211 427 singularis
1246 367 1337 425 vis3
1372 368 1551 411 namin
1583 366 1838 411 verborum
1877 367 2044 411 ordine
2065 380 2168 411 eam
2194 370 2322 412 cerni

212 458 460 517 putabam.
528 454 716 499 Scilicet
750 457 935 514 quoties
967 455 1040 499 a'd
1061 453 1367 511 faciendum
1399 453 1593 515 aliquid
1624 456 1850 512 dicimus,
1896 471 2087 514 semper
2122 456 2216 512 vis,
2268 462 2322 500 ut

212 547 492 606 loquuntur,
528 549 599 587 est
631 544 682 588 in
717 544 863 589 verbo
875 561 888 603 3
932 557 1087 602 neque
1125 542 1253 587 enim
1285 543 1345 586 de
1377 558 1431 587 re
1464 541 1706 602 loquimur
1741 541 1972 599 absolute,
2014 543 2098 588 sed
2132 543 2192 587 de
2227 542 2321 588 hoc

211 637 341 694 ipso,
402 632 461 676 de
500 632 750 677 efficienda
785 648 863 691 re3
921 634 1089 690 itaque
1123 630 1251 674 istud
1285 644 1480 688 prorsus
1516 632 1683 675 eodem
1720 634 1824 676 iure
1858 631 1972 691 fingi
2013 632 2065 676 in
2100 631 2320 676 omnibus

212 724 312 766 eius
361 721 546 782 generis
590 721 856 779 participiis
896 724 1069 777 potest.
1163 716 1313 762 Velut
1359 717 1485 777 quod
1520 716 1868 763 Ramshornius
1905 721 1965 763 ad
2000 719 2105 764 Liv.
2140 718 2254 771 VH,
2292 725 2323 770 5

218 805 313 868 (acl
346 807 713 853 conciliandum
747 805 998 867 gratiam)
1032 806 1249 850 adnotat:
1285 805 1458 851 ”Nicht
1492 805 1867 862 conciliandam,
1900 822 1993 852 zur
2027 808 2208 866 Gan-st,
2243 808 2322 852 die

214 899 469 943 erworben
500 897 699 940 werden
734 894 897 952 sollte,
947 894 1153 938 sondern
1190 908 1282 939 zat·
1311 893 1619 953 Erwerbung
1654 895 1944 954 dcrselben'‘‚
2007 895 2149 941 velim
2184 897 2323 953 scire,

213 987 340 1047 quod
372 985 533 1028 stati-m
569 998 596 1026 e
629 984 872 1026 contrario
901 990 1076 1041 genere
1101 983 1265 1040 ponit,
1314 980 1461 1026 lzomo
1491 996 1680 1041 magna
1713 980 1859 1026 habet
1891 982 2220 1028 instrumenta
2253 983 2325 1028 ad

214 1071 530 1117 obtinendam
565 1067 1039 1128 adipiscendamque
1068 1068 1411 1128 sapientiam,
1473 1068 1687 1114 soleatne
1730 1071 2037 1129 interpretari
2084 1073 2323 1117 contrario

212 1161 371 1216 modo,
404 1172 526 1202 non:
562 1157 675 1200 ”zur
697 1156 1002 1215 Erwerbung
1022 1157 1109 1201 der
1135 1156 1420 1212 Weisheit”‚
1457 1157 1564 1201 sed:
1597 1159 1709 1201 ”zur
1728 1156 1986 1216 We4shein
2021 1158 2099 1203 die
2134 1173 2324 1204 erwor-

210 1249 307 1293 ben
345 1247 541 1292 werden
581 1243 711 1289 soll.”
779 1245 953 1289 Taedet
985 1244 1036 1288 in
1074 1243 1149 1288 his
1184 1245 1374 1288 morari.
1443 1243 1537 1288 Sed
1568 1259 1627 1288 ex
1650 1244 1824 1290 talibus
1849 1261 2021 1306 magna
2047 1260 2158 1304 pars
2183 1247 2319 1291 istius

204 1337 322 1381 'libri
356 1341 559 1379 constat.
626 1333 695 1377 Ut
726 1332 870 1391 paule
899 1339 1011 1392 post
1042 1347 1089 1390 p.
1107 1334 1206 1385 648
1228 1333 1277 1377 in
1311 1331 1519 1378 ablativo
1543 1334 1760 1392 gerundii
1783 1335 2104 1379 accusativum
2126 1341 2325 1395 regente

215 1407 382 1469 eodem
420 1423 640 1467 acumine
670 1436 784 1466 usus
820 1421 880 1465 ad
909 1419 1013 1466 Liv.
1048 1418 1207 1478 XXV,
1240 1427 1306 1473 38
1343 1418 1635 1477 (dividendo
1669 1421 1861 1485 copias)
1897 1422 2142 1469 adscribit:
2176 1422 2323 1468 Nicht

214 1511 367 1558 durch
403 1512 480 1556 die
511 1510 743 1568 Truppcn
781 1508 1065 1571 (dividendis
1092 1508 1260 1572 copiis)
1291 1509 1498 1554 sondern
1532 1508 1682 1554 durch
1717 1510 1799 1554 das
1827 1509 2030 1555 'l'hcilen
2067 1510 2319 1556 derselben

214 1616 377 1647 waren
423 1600 491 1644 sie
527 1597 846 1659 ungliicklich.
950 1597 1115 1660 Itaque
1156 1598 1285 1659 quod
1327 1599 1547 1658 proxima
1592 1599 1764 1658 pagina
1810 1599 1947 1657 ponit
2009 1596 2090 1659 (ex
2121 1600 2218 1645 Cic.
2258 1602 2318 1646 de

215 1687 350 1734 Orat.
376 1686 462 1746 ΙΙΙ,
513 1683 619 1747 10):
690 1685 862 1731 Omnis
895 1685 1130 1748 loquendi
1168 1685 1420 1748 elegantia
1458 1692 1673 1746 augetur
1706 1685 1926 1747 legendis
1961 1682 2240 1732 oratoribus
2273 1695 2320 1731 et

209 1775 402 1838 poetis,
435 1774 850 1834 interpretabitur:
910 1773 1089 1819 ”durch
1125 1775 1204 1819 die
1239 1773 1479 1827 Redner’',
1544 1789 1666 1819 nou:
1710 1774 1889 1819 ”durch
1922 1777 2005 1819 das
2038 1776 2196 1820 Lesen
2233 1778 2319 1821 der

214 1865 436 1909 Redner’'
480 1862 701 1925 (legendo
728 1859 976 1923 oratores)
1044 1861 1216 1922 Neque
1249 1864 1411 1907 nescio
1444 1864 1494 1907 in
1528 1862 1703 1907 horum
1739 1878 1828 1906 usu
1865 1863 2070 1922 aliquam
2104 1864 2319 1924 regulam

216 1968 334 2010 esse,
369 1953 452 1997 sed
487 1951 646 2008 talem,
680 1957 735 1995 ut
765 1952 932 1995 eadem
967 1932 1311 2010 significatione
1342 1953 1392 1996 in
1428 1952 1570 1996 certis
1606 1951 1948 1996 vocabulorum
1983 1953 2239 2012 generibus
2270 1962 2317 1998 et

214 2040 386 2087 formis
422 2038 930 2099 coniunctionibusque
971 2037 1122 2084 altero
1156 2039 1300 2084 modo
1343 2040 1501 2098 potius
1547 2046 1771 2098 utantur3
1833 2056 1924 2085 nec
1965 2041 2131 2086 Cicero
2165 2039 2313 2099 salso

207 2127 429 2187 fatendo
463 2142 551 2187 pro
577 2124 778 2185 falsum
792 2125 1014 2184 fatendo
1047 2142 1137 2171 nec
1169 2126 1333 2173 Livius
1366 2126 1527 2171 medio
1563 2143 1614 2171 se
1643 2129 1865 2187 gerendo
1900 2144 1987 2187 pro
2022 2129 2233 2173 medium
2265 2146 2317 2174 se

212 2216 431 2279 gerendo
468 2214 640 2277 (11‚27)
666 2216 823 2260 dicere
856 2222 1059 2275 poterat.
1127 2216 1315 2260 Deinde
1352 2215 1549 2260 affertur
1584 2231 1644 2259 cx
1680 2223 1798 2261 orat.
1827 2232 1916 2275 pro
1939 2217 2057 2260 Rab.
2081 2217 2209 2263 Post.
2242 2223 2317 2274 16,

217 2310 283 2358 44
302 2305 374 2350 ad
395 2303 810 2360 labefactandum
832 2303 967 2350 illius
988 2302 1295 2364 dignitatem.
1366 2304 1454 2348 Est
1488 2304 1580 2348 hoc
1616 2281 1810 2349 omnino
1842 2320 2138 2363 perversum,
2175 2324 2318 2367 quum

217 2395 276 2437 de
312 2393 635 2454 grammaticis
666 2392 810 2437 rebus
839 2394 1086 2453 qnaeritur,
1121 2393 1191 2451 iis,
1233 2407 1341 2454 quae
1378 2407 1491 2438 vera
1525 2392 1885 2449 comperiuntur
1919 2392 1968 2436 in
2004 2394 2223 2438 omnibus
2258 2397 2314 2439 iis

214 2482 372 2534 libris,
406 2481 486 2541 qui
519 2479 577 2523 ad
613 2480 800 2524 codices
836 2486 920 2525 aut
951 2480 1103 2526 bonos
1138 2487 1222 2526 aut
1254 2480 1421 2526 saltem
1453 2481 1704 2538 diligenter
1737 2481 1976 2538 inspectos
2007 2485 2161 2526 exacti
2188 2491 2315 2539 sunt,

214 2570 421 2616 obiicere
459 2581 606 2611 unum
645 2566 851 2627 aliquem
886 2567 1045 2611 locum
1080 2583 1245 2612 eorum
1282 2570 1597 2624 scriptorum,
1643 2570 1692 2610 in
1728 2568 1899 2626 quibus
1935 2583 1996 2610 ne
2031 2572 2172 2613 unius
2204 2574 2316 2630 qui-

213 2660 319 2705 dem
349 2656 522 2701 codicis
557 2657 818 2714 scripturas
853 2661 1129 2700 constanter
1164 2661 1347 2699 notatas
1382 2653 1617 2699 habemus
1638 2654 1709 2716 ¹),
1758 2663 1810 2699 ut
1846 2671 1872 2698 a
1905 2656 2142 2715 Verrinis,
2191 2660 2316 2734 Phi:-

212 2747 423 2808 lippicis,
468 2744 746 2802 Plancium,
791 2742 1077 2802 Miloniana,
1131 2758 1259 2786 nunc
1290 2744 1434 2787 etiam
1471 2752 1581 2803 post
1615 2744 1717 2788 Erf.
1744 2745 1849 2788 cod.
1887 2744 2112 2790 collatum
2148 2746 2316 2791 Mani—

309 2945 341 2983 1)
391 2942 445 2976 De
472 2939 759 2977 oxoniensibus
790 2940 863 2976 vid.
887 2939 1028 2985 praesum
1053 2950 1170 2974 meam
1197 2941 1241 2974 ad
1269 2938 1344 2974 XlI
1373 2947 1481 2976 orati.
1509 2940 1710 2974 editionem
1746 2951 1780 2984 p.
1807 2942 1838 2975 Ξ».

2025 3013 2048 3049 ἃᾶ
