2555 3236
305 218 367 264 18

406 346 721 394 Levissimum
764 349 853 403 est,
908 341 1230 389 adnotandum
1265 346 1451 399 tamen,
1510 345 1731 403 quoniam
1780 346 1841 393 ad
1883 360 2040 394 veram
2089 348 2316 395 orationis

231 439 433 488 formam
465 437 696 499 pertinet,
736 451 776 481 c.
807 437 886 494 14,
927 441 991 486 33
1026 447 1086 478 ex
1119 431 1255 478 codd.
1301 428 1460 494 (etiam
1502 430 1691 497 Paris.),
1733 436 1882 482 immo
1926 438 2069 483 etiam
2109 452 2171 483 ex
2209 439 2316 485 edd.

231 536 341 579 vett.
375 528 679 575 scribendum
714 540 840 572 esse:
885 522 1084 569 remisse
1118 529 1165 567 et
1200 520 1375 566 leniter
1403 528 1452 565 et
1486 520 1687 578 urbane,
1726 530 1783 569 ut
1816 526 1970 573 simile
2005 529 2069 574 sit
2095 529 2318 589 superio,-

229 637 336 668 rum
373 632 538 665 severe
572 624 620 662 et
648 615 871 678 graviter
903 621 950 658 et
981 613 1160 675 prisce.
1238 612 1339 658 Nec
1374 628 1467 673 per
1499 628 1551 658 se
1580 620 1712 660 recte
1743 630 1806 660 ac
1847 615 1930 662 illo
1963 618 2069 665 loco
2100 619 2317 681 poneba·-

229 718 324 771 tur,
363 711 542 757 variata
574 708 676 752 sine
707 721 848 751 causa
878 704 1203 751 membrorum
1237 704 1581 750 coniunctione.
1601 702 1643 766 ¹)

401 798 586 851 Venio,
629 797 755 858 quod
797 797 977 841 dudum
1014 795 1290 854 cupiebam,
1332 794 1392 838 ad
1441 794 1821 841 emendationem
1864 795 2007 856 paulo
2043 800 2310 858 graviorem

228 891 320 935 loci
351 887 632 949 perturbati.
722 885 846 929 Nam
880 902 919 929 c.
956 891 1034 937 15,
1068 886 1133 936 36
1163 882 1268 926 haec
1295 882 1520 941 leguntur
1555 885 1605 928 in
1641 886 1906 944 codicibus,
1944 888 2117 947 quibus
2154 889 2315 934 verbis

229 982 421 1040 fingitur
445 977 638 1022 Clodius
662 977 838 1020 sororis
862 975 1060 1019 nimium
1084 972 1318 1018 incaelio
1341 973 1566 1018 sectando
1594 975 1804 1021 studium
1836 977 2125 1036 improbare,
2158 992 2315 1023 mores

228 1068 667 1129 impudicitiamque
685 1081 782 1109 non
807 1063 1104 1123 improbans:
1132 1061 1361 1107 Vicinum
1380 1061 1798 1108 adolescentulum
1817 1065 2110 1126 adspexisti:
2128 1066 2316 1112 candor

232 1157 377 1203 huius
410 1164 457 1201 te
484 1163 532 1199 et
562 1153 864 1215 proceritas,
906 1150 1072 1197 vultus
1104 1150 1324 1211 oculique
1352 1148 1684 1210 pepulerunt,·
1741 1152 1922 1214 soepius
1956 1155 2121 1201 videre
2154 1154 2315 1203 volui-

230 1247 318 1293 sti:
340 1245 497 1304 suisti
527 1257 881 1303 nonnunquam
915 1240 965 1285 in
988 1240 1160 1285 iisdem
1194 1238 1348 1286 hortis
1380 1238 1488 1285 visa
1519 1239 1693 1287 nobilis
1717 1241 1920 1291 mulier:
1953 1242 2094 1290 illum
2116 1243 2314 1306 filium-

228 1335 458 1396 familias
485 1341 635 1396 patre
664 1346 823 1395 parco
863 1346 923 1376 ac
958 1328 1118 1376 tenaci
1151 1327 1329 1375 habere
1371 1327 1468 1376 tuis
1511 1329 1663 1392 copiis
1694 1331 1969 1378 devinctum
2013 1349 2111 1378 non
2134 1341 2314 1396 potes3

230 1424 474 1481 calcitrat,
513 1421 717 1485 respuit,
760 1435 858 1467 non
886 1426 1039 1482 putat
1082 1426 1169 1465 tua
1201 1420 1333 1464 dona
1375 1433 1480 1464 esse
1514 1420 1678 1467 tanti.'
1729 1422 1784 1467 In
1811 1422 1892 1483 uiis
1923 1423 2042 1468 illud
2065 1423 2221 1482 fuisti
2246 1448 2312 1455 —

229 1516 352 1571 visa,
381 1516 479 1562 sive
504 1514 736 1574 seiungas,
770 1510 891 1565 visa,
923 1515 1199 1570 corruptum
1234 1522 1349 1568 esse,
1381 1511 1685 1570 perspicuum
1718 1517 1813 1571 est3
1842 1527 2005 1559 verum
2031 1513 2122 1558 alia
2152 1514 2314 1573 gravia

228 1605 529 1654 incommoda
562 1603 768 1648 editores
810 1616 908 1646 non
950 1606 1215 1646 senserunt.
1300 1599 1421 1644 Nam
1464 1602 1671 1659 primum
1715 1602 1766 1646 in
1799 1600 1889 1647 hac
1928 1597 2126 1667 μιμήσει
2167 1609 2314 1648 natu-

232 1697 341 1744 ralis
383 1693 655 1739 huiusmodi
696 1706 856 1736 rerum
906 1704 1184 1749 progressus
1229 1696 1446 1734 accurate
1491 1691 1758 1749 exponitur.
1847 1691 2011 1752 ltaque
2058 1699 2310 1754 postquam

229 1792 474 1832 narratum
509 1788 594 1839 est,
628 1781 800 1839 saepius
836 1794 930 1823 una
958 1777 1117 1836 fuisse,
1149 1784 1254 1822 orta
1287 1779 1520 1837 cupiditas
1553 1778 1956 1825 adolescentulum
1992 1783 2185 1827 tenendi
2218 1783 2310 1827 dici

231 1873 459 1931 debebat3
509 1877 613 1915 tum
655 1870 847 1914 demum
895 1873 1005 1926 apte
1047 1867 1395 1913 subiicerentur
1438 1874 1629 1914 cetera:·
1679 1868 1814 1914 ”Non
1856 1876 2012 1929 potes,
2057 1871 2184 1931 quod
2226 1872 2311 1917 vis,

231 1964 360 2024 Quid
394 1956 531 2007 tum?
571 1960 742 2005 Parata
781 1963 852 2001 est
883 1955 1182 2003 consolati0.'’
1257 1955 1398 2003 Nunc
1428 1956 1522 2003 illae
1556 1959 1803 2003 sententiae
1823 1956 1977 2015 suisti
2003 1965 2052 2004 et
2083 1974 2181 2005 non
2206 1974 2308 2020 po-

228 2061 300 2100 tes
329 2051 471 2114 plane
503 2065 601 2096 non
634 2047 890 2092 cohaerent.
967 2046 1154 2091 Deinde
1199 2045 1351 2091 multo
1383 2047 1594 2093 vitiosius
1630 2047 1710 2093 illa
1733 2046 2131 2107 filiumfamilias
2156 2054 2307 2107 patre

222 2158 380 2205 parco
412 2156 474 2186 ac
507 2136 670 2184 tenaci
696 2143 809 2193 etc„
857 2151 918 2180 ne
951 2136 1064 2195 quid
1104 2137 1255 2180 dicam
1292 2137 1351 2181 de
1377 2139 1659 2195 pronomine
1693 2136 1834 2182 illum
1872 2138 2308 2182 incommodissime

228 2232 474 2279 sententiae
508 2229 697 2274 initium
730 2231 934 2282 tenente,
969 2227 1035 2269 sic
1069 2226 1303 2283 dicuntur,
1335 2233 1559 2287 tanquam
1592 2227 1742 2286 patris
1773 2225 2058 2284 parsimonia
2089 2226 2141 2270 in
2165 2240 2307 2271 causa

231 2321 388 2379 fuerit,
428 2335 513 2365 cur
545 2313 947 2362 adolescentulum
985 2329 1153 2371 capere
1188 2330 1285 2358 non
1319 2321 1505 2372 posset,
1550 2316 1676 2374 quod
1708 2313 1848 2373 plane
1882 2320 2048 2359 contra
2080 2329 2183 2360 esse
2217 2316 2307 2360 de—

230 2411 322 2456 bet.
400 2408 523 2453 Nam
554 2404 728 2452 nobilis
761 2401 933 2449 mulier
959 2408 1007 2446 et
1041 2403 1169 2447 dives
1202 2409 1418 2462 sumptus
1451 2402 1854 2449 subministrando
1882 2418 2006 2461 eum,
2049 2404 2130 2464 qui
2162 2418 2306 2463 parce

228 2516 255 2544 a
295 2504 431 2558 patre
473 2494 756 2550 haberetur,
799 2508 850 2536 se
889 2492 1214 2538 devincturam
1250 2491 1489 2550 sperabat.
1572 2492 1831 2554 (Sequiturt
1883 2508 1981 2537 non
2021 2498 2176 2552 putat
2213 2498 2302 2538 tua

228 2588 358 2634 dona
396 2600 500 2631 esse
534 2579 694 2643 tanti.)
792 2580 951 2641 Itaque
994 2579 1162 2625 ultima
1205 2578 1287 2626 illa
1331 2596 1427 2626 non
1464 2587 1609 2643 potes
1654 2581 1979 2643 superioribus
2020 2588 2303 2643 repugnant.

319 2795 353 2836 ι)
398 2789 533 2827 Obiter
556 2791 796 2828 indicandum
821 2797 900 2831 est,
933 2801 1013 2834 quoe
1039 2790 1150 2825 verba
1175 2790 1285 2836 paulo
1312 2798 1394 2836 post
1421 2792 1599 2837 leguntur
1622 2790 1724 2834 (ὅθι
1758 2803 1876 2826 omnes
1894 2801 2007 2836 prope
2033 2791 2128 2824 cives
2151 2789 2300 2829 virtute,

395 2853 529 2899 gloria,
562 2853 745 2899 dignitate
767 2849 993 2896 superabat,
1031 2862 1072 2885 ea
1098 2862 1148 2886 ex
1172 2850 1332 2896 Quintil.
1356 2852 1425 2894 IX,
1451 2854 1484 2894 4,
1523 2854 1587 2886 104
1614 2855 1713 2886 inter
1735 2851 1943 2894 fragmenta
1971 2849 2161 2883 Ciceronis
2187 2851 2298 2885 relata

398 2924 479 2948 esse
501 2919 554 2959 (p.
581 2914 648 2948 580
671 2913 728 2948 ed.
752 2909 900 2955 Orell.).
947 2911 1102 2947 Beierus
1130 2912 1175 2947 ad
1198 2911 1437 2948 Scaurianam
1461 2912 1659 2954 referebat,
1687 2913 1846 2956 cupidus
1871 2921 1951 2946 eam
1973 2917 2166 2956 utcunque
2190 2914 2301 2946 resti·

398 2974 542 3011 mendi.
