2555 3236
2175 187 2239 239 19

228 329 383 391 Atque
412 327 517 373 haec
543 325 811 371 observatio
835 323 957 370 viam
978 320 1299 384 planissimam
1330 321 1486 366 munit
1517 320 1575 366 ad
1610 318 1703 365 loci
1726 320 2122 374 emendationem,
2154 337 2306 382 quam,

229 419 357 481 quod
392 418 453 462 ad
486 419 641 476 ipsum
677 414 873 459 verbum
908 414 1092 471 attinet,
1125 411 1353 457 *Muretus
1388 411 1568 456 dudum
1599 411 1839 470 praecepit,
1882 410 2027 455 modo
2061 426 2121 457 ne
2155 412 2309 457 inter-

228 506 481 570 pungendo
514 507 795 551 sententiam
831 506 1150 564 depravasset.
1215 499 1524 546 Scribendum
1559 506 1633 546 est
1659 500 1799 559 enim,
1833 515 1930 546 una
1962 499 2099 547 litera
2129 500 2306 548 deleta:

229 596 425 659 Soepius
457 594 614 641 videri
645 593 868 642 voluisti.-
900 590 1057 653 fuisti
1083 604 1436 651 nonnunquam
1469 590 1520 636 in
1565 589 1737 637 iisdem
1784 588 1965 637 hortis:
2008 589 2083 636 vis
2117 590 2308 655 (Mutet.

230 687 305 733 vis
338 702 393 745 ο,
436 693 600 732 contra
634 702 772 732 usum
811 690 859 729 et
902 680 1085 743 putide)
1138 679 1312 726 nobilis
1349 678 1523 725 mulier
1560 680 1700 726 illum
1727 679 2126 742 filiumfamilias
2162 688 2312 742 patre

224 791 380 839 parco
401 791 461 821 ac
492 774 653 820 tenaci
672 772 850 820 habere
884 770 982 818 tuis
1014 769 1167 833 copiis
1189 768 1487 816 devinctum:
1523 767 1709 833 (Mur.?)
1743 786 1840 816 non
1866 777 2011 832 potes
2017 785 2037 828 ,·
2070 770 2311 826 calcitrat,

226 864 429 927 respuit,
462 879 560 910 non
576 870 728 924 putat
749 870 837 908 tua
859 862 993 907 dona
1013 876 1116 906 esse
1140 859 1279 906 tanti.
1350 859 1502 907 Recte
1529 859 1627 921 vis3
1660 876 1770 906 nam
1799 876 1925 929 nunc
1959 862 2100 906 etiam
2134 863 2310 921 tendit3

228 962 339 1003 ante
363 955 661 1001 occasionem
696 958 745 998 et
778 952 1008 1014 originem
1041 950 1343 997 indicaverat.
1361 950 1406 1012 ¹)
1477 949 1627 996 Paulo
1651 956 1761 995 ante
1784 949 1887 995 haec
1906 950 2061 1009 verba,
2096 950 2178 995 ubi
2203 952 2310 996 edi-

227 1055 306 1091 tur
339 1059 398 1089 ex
431 1041 603 1104 hisque
630 1040 728 1087 tuis
759 1056 951 1087 sumam
983 1039 1212 1103 aliquem,
1246 1055 1307 1085 ex
1335 1041 1503 1100 primae
1534 1055 1705 1086 manus
1737 1042 1971 1100 scriptura
2004 1042 2177 1086 codicis
2212 1041 2311 1086 Pa-

227 1134 439 1182 risiensis
484 1132 562 1195 (ex
593 1130 635 1176 is
668 1130 818 1193 igitur
863 1128 1074 1191 sumam)
1123 1129 1395 1176 faciendum
1439 1131 1648 1176 videtur:
1699 1144 1759 1174 ex
1806 1128 1916 1174 istis
1958 1130 2056 1174 tuis
2091 1145 2311 1185 sumam3

229 1229 359 1271 certe
392 1223 442 1269 id
476 1237 741 1283 pronomen
772 1219 917 1284 (istis)
952 1234 1053 1265 esse
1087 1219 1253 1280 debet3
1298 1234 1388 1263 nec
1423 1219 1703 1267 adiectivum
1738 1235 1799 1265 ex
1832 1219 1989 1281 igitur
2020 1220 2138 1265 effici
2171 1235 2312 1281 posse

230 1313 430 1360 videtur.

404 1402 517 1460 Cap.
555 1409 631 1457 19,
663 1405 728 1450 45
763 1400 941 1444 editur:
983 1398 1121 1444 Fieri
1153 1396 1281 1442 enim
1313 1413 1412 1443 non
1439 1405 1631 1457 potest,
1674 1406 1731 1444 ut
1763 1398 1960 1445 animus
2002 1398 2193 1446 libidini
2223 1399 2313 1446 de·-

230 1491 363 1536 elitus
390 1514 452 1523 —
480 1489 586 1542 hoc,
617 1487 857 1549 quidquid
891 1495 979 1542 est,
1011 1488 1145 1550 quod
1170 1504 1258 1532 nos
1281 1486 1507 1545 facimus
1532 1488 1584 1533 in
1613 1488 1831 1543 dicendo,
1863 1505 1962 1535 non
1989 1490 2133 1535 modo
2152 1505 2312 1551 agen*

232 1583 309 1640 do,
342 1594 513 1626 verum
546 1578 693 1623 etiam
723 1577 986 1638 cogitando
1011 1576 1173 1639 possit
1193 1576 1442 1624 sustinere.
1508 1578 1602 1625 Sed
1623 1579 1759 1625 codd.
1784 1594 1948 1625 omnes
1971 1578 2100 1643 (casu
2130 1580 2312 1639 accidit,

232 1679 286 1717 ut
315 1671 393 1716 hic
428 1671 571 1716 etiam
605 1667 911 1715 Gulielmiani
945 1674 993 1714 et
1015 1667 1291 1715 Gruteriani
1320 1665 1783 1731 commemorentur),
1814 1670 1956 1714 etiam
1991 1670 2315 1729 recentissimi,

231 1768 280 1806 et
311 1762 415 1819 ipsa
448 1759 593 1804 editio
626 1774 667 1803 a.
694 1763 820 1811 1472
856 1758 985 1820 (nam
1019 1758 1069 1802 in
1104 1758 1216 1803 edit.
1241 1762 1370 1809 1480
1406 1764 1639 1803 mutatum
1672 1759 1767 1803 iam
1803 1760 1894 1819 est)
1928 1774 2016 1818 pro
2035 1774 2133 1804 non
2166 1760 2311 1804 modo

228 1850 411 1896 habent
442 1862 633 1910 quoquo
666 1847 826 1901 modo,
850 1845 1068 1906 profecto
1101 1862 1199 1891 non
1232 1861 1393 1891 errore
1418 1847 1670 1892 scribendi.
1738 1846 2062 1893 Vehementer
2084 1849 2314 1907 suspicor,

231 1939 409 1984 factum
446 1937 524 1982 hic
553 1952 683 1989 esse,
727 1936 853 1996 quod
886 1935 997 1980 alibi
1031 1950 1216 1996 quoque
1248 1936 1298 1979 in
1332 1936 1621 1981 orationibus
1646 1935 1826 1981 factum
1861 1952 1963 1981 esse
1994 1938 2215 1994 memini,
2257 1944 2313 1982 ut

231 2031 282 2074 iu
316 2028 532 2074 codicum
564 2032 834 2071 nostrorum
868 2024 1128 2084 archetypo
1164 2030 1359 2084 propter
1403 2026 1611 2071 eiusdem
1641 2025 1860 2072 vocabuli
1891 2028 2181 2086 repetionem
2218 2025 2313 2071 ali-

236 2119 349 2179 quid
391 2117 657 2173 excideret,
704 2114 1024 2174 scriptumque
1068 2111 1180 2158 olim
1225 2112 1391 2159 fuisse:
1446 2129 1638 2176 quoquo
1682 2113 1858 2177 [modo
1879 2113 2128 2174 facimus,
2178 2113 2310 2177 non}

235 2205 392 2252 modo,
419 2204 805 2260 „tl-Modestissime
837 2203 1004 2249 Cicero
1035 2202 1165 2264 loqui
1197 2202 1323 2263 vult3
1371 2205 1532 2265 itaque
1566 2211 1675 2264 apte
1707 2204 1798 2250 hoc
1830 2207 2161 2265 superadditur
2192 2204 2311 2250 illis:

235 2293 475 2357 quidquid
506 2300 605 2348 est,
651 2293 784 2354 quod
824 2308 913 2338 nos
936 2291 1176 2352 facimus.
1259 2293 1333 2338 Ne
1367 2293 1636 2353 exemplum
1681 2310 1708 2339 e
1739 2294 1993 2355 longinquo
2026 2302 2218 2353 petam,
2261 2296 2310 2339 in

236 2391 353 2430 orat.
385 2384 444 2428 de.
477 2383 730 2441 provinciis
764 2382 941 2429 consul.
975 2398 1014 2430 c.
1047 2386 1093 2441 4,
1129 2391 1161 2441 9
1193 2383 1369 2428 editur:
1404 2381 1569 2442 Igitur
1600 2382 1651 2427 in
1679 2382 1845 2443 Syria,
1878 2381 2175 2443 imperatore
2207 2383 2307 2435 illo,

235 2470 360 2516 nihil
390 2470 532 2516 aliud
563 2476 728 2514 actum
758 2479 847 2525 est,
877 2471 972 2518 nisi
991 2471 1248 2533 pactiones
1271 2471 1598 2532 pecuniarum
1620 2486 1727 2515 cum
1764 2471 2006 2532 tyrannis,
2037 2479 2147 2517 cett.
2214 2473 2307 2517 Sed

238 2574 400 2606 omnes
435 2559 586 2616 codd„
620 2559 762 2603 etiam
787 2560 948 2619 Paris„
981 2563 1097 2621 ipsae
1130 2575 1317 2622 quoque
1349 2560 1577 2604 editiones
1600 2566 1782 2605 veteres
1816 2560 1995 2605 habent
2013 2560 2140 2605 nihil
2168 2561 2311 2606 aliud

323 2705 356 2743 ι)
405 2700 573 2735 Veritate
600 2707 745 2745 reperta
769 2711 845 2735 non
870 2707 925 2736 est
949 2712 1100 2739 necesse
1123 2703 1282 2737 aliorum
1305 2707 1459 2735 conatus
1481 2701 1777 2747 reprehendere3
1809 2705 1849 2737 in
1880 2699 2016 2738 Orellii
2041 2709 2161 2738 tamen
2184 2707 2311 2738 conie-

409 2769 526 2802 ctura,
552 2769 795 2806 praeterquam
817 2762 918 2806 quod
939 2763 1012 2796 loci
1023 2763 1251 2797 cohaerentiae
1276 2773 1352 2795 non
1374 2762 1551 2796 satisfacit
1574 2774 1643 2797 nec
1666 2764 1896 2797 incommoda
1921 2766 2032 2806 tollit,
2053 2766 2235 2800 notandus
2259 2775 2313 2800 est

412 2834 548 2867 pravus
572 2823 679 2857 verbi
704 2835 817 2864 usus;
859 2835 1042 2867 nusquam
1069 2826 1168 2858 euim
1193 2836 1334 2858 cessate
1358 2832 1413 2858 est
1437 2826 1632 2868 desistere,
1662 2825 1776 2869 finem
1792 2825 1937 2871 facere.
2002 2825 2116 2870 Apud
2145 2829 2309 2861 iuriscou

413 2884 532 2917 sultos
557 2886 662 2917 tertii
684 2885 810 2920 saeculi
833 2891 887 2918 est
910 2885 1040 2918 desisse
1064 2896 1140 2917 esse
1163 2884 1201 2917 in
1226 2896 1304 2926 usu,
1328 2885 1399 2918 vim
1425 2897 1496 2918 non
1525 2885 1668 2926 habere,
1691 2897 1761 2919 non
1788 2888 1957 2926 exerceri,
1981 2889 2128 2921 similia.
2184 2888 2308 2930 Itaque

412 2944 511 2988 apud
538 2947 723 2989 antiquos,
752 2949 819 2990 qui
844 2957 983 2979 cessare
1008 2944 1170 2989 aliquem
1190 2944 1357 2988 iubebat,
1391 2945 1543 2981 iubebat
1566 2947 1683 2981 minus
1708 2953 1852 2982 strenue
1875 2960 1996 2993 agere.

2001 3014 2052 3057 δι’
