2555 3236
2237 166 2267 212 7

241 306 523 365 scripturam
559 304 719 359 habet,
753 301 1060 347 tradendam.
1130 301 1417 347 Perversum
1443 301 1647 349 alterum
1675 301 1790 347 dixi.
1857 299 1934 344 De
1970 314 2062 359 qua
2095 314 2149 345 re
2183 314 2336 360 expo·

240 395 449 439 nendum
487 398 560 436 est
588 389 732 450 paulo
774 390 1078 450 explicatius,
1138 390 1268 450 quod
1311 391 1499 437 mirum⁴
1527 392 1594 436 in⁴
1622 391 1820 435 modum
1869 389 2059 435 diversa
2104 388 2335 436 confundi

240 482 377 527 video
404 485 454 524 et
481 478 699 525 inanibus
729 480 1066 525 auctoritatum
1096 477 1372 522 nominibus
1395 493 1497 523 rem
1521 479 1611 537 agi.
1681 476 1889 521 Orellius
1912 478 1962 521 in
1987 478 2336 538 antiquioribus

239 569 377 614 codd.
408 582 624 628 persaepe
656 569 707 613 in
740 567 912 613 talibus
950 565 1169 611 exhiberi
1196 566 1482 624 genitivum,
1543 566 1626 610 ubi
1668 565 1961 610 recentiores
2003 564 2126 610 falso
2173 566 2337 612 soloe-

239 659 374 703 cismi
408 663 538 702 metu
571 657 905 701 substituerint
937 654 1268 713 participium,
1300 653 1464 697 scribit
1476 670 1489 712 3
1533 653 1700 697 vellem
1732 654 1862 697 locos
1896 660 2114 698 notasset
2126 671 2139 713 3
2184 655 2339 699 nullos

239 748 364 791 enim
387 745 510 790 tales
536 747 734 804 reperiri
763 751 904 803 puto;
940 742 1113 786 deinde
1145 740 1353 787 conferri
1374 742 1689 786 Garatonium
1721 743 1866 786 iubet.
1936 742 2226 787 Garatonius
2255 759 2340 789 nos

240 836 438 879 remittit
472 833 531 877 ad
557 832 768 876 Gronov.
806 832 866 874 ad
889 829 1012 874 Gen.
1040 829 1121 886 IV,
1143 837 1174 885 9
1211 836 1260 873 et
1285 832 1343 875 ad
1379 846 1449 887 ea,
1485 844 1589 889 quae
1625 830 1745 872 dixit
1764 832 1865 887 ipsc
1888 832 1948 874 ad
1973 830 2041 874 IV
2061 833 2110 874 in
2135 832 2272 876 Catil.
2297 841 2341 891 9,

240 925 344 980 ubi,
380 938 524 982 quum
557 922 736 978 optime
771 920 1009 979 lege-retur
1043 918 1114 962 acl
1145 919 1537 964 conservandam
1577 932 1680 961 rem
1706 917 1987 976 publicam,
2031 918 2251 965 Graevius
2279 936 2338 966 ex

237 1011 431 1069 pessimi
465 1009 637 1052 codicis
677 1014 935 1067 pervagato
981 1022 1142 1051 errore
1188 1006 1261 1051 ad
1296 1006 1691 1052 conservandum
1718 1005 1965 1066 populum
2001 1006 2143 1051 Rom.
2178 1007 2340 1053 soloe-

238 1101 436 1143 cismum
473 1097 628 1141 effecit
664 1096 734 1139 acl
767 1095 1154 1139 conservandum
1186 1109 1290 1138 rem
1318 1094 1589 1155 publicam.
1668 1094 1741 1139 Ibi
1776 1096 1834 1139 ad
1868 1095 2170 1140 Perizonium
2202 1096 2339 1140 able-

245 1202 414 1245 gamur
449 1184 527 1246 (ad
564 1186 740 1228 Sanctii
775 1184 977 1229 Minerv.
1016 1184 1053 1236 J,
1090 1182 1186 1242 15.)
1294 1185 1398 1242 lpse
1428 1183 1636 1227 Orellius
1669 1184 1727 1226 ad
1774 1190 1894 1229 orat.
1927 1199 2018 1241 pro
2052 1184 2175 1230 Rab.
2210 1186 2338 1228 Post.

242 1277 318 1332 16,
351 1281 417 1326 44
444 1274 666 1318 Beicrum
699 1275 758 1317 ad
792 1279 910 1316 orat.
945 1277 1034 1330 pro
1067 1271 1246 1314 Scauro
1283 1268 1307 1330 ᾗ
1345 1279 1405 1322 13
1440 1272 1553 1315 citat
1589 1277 1858 1325 auctorem,
1902 1273 2076 1316 iterum
2113 1272 2230 1317 alios
2267 1276 2338 1318 ci-

240 1370 445 1418 tantem,
516 1361 633 1404 nihil
680 1366 1035 1417 cxponentems
1114 1359 1211 1402 Iam
1249 1360 1328 1418 qui
1359 1359 1593 1402 Perizonii
1631 1365 1679 1402 et
1713 1359 1869 1402 Beieri
1913 1366 2050 1404 notas
2086 1360 2341 1420 perlegerit

240 1451 591 1507 Gronoviique,
627 1449 706 1506 qui
741 1446 973 1505 appellari
1006 1448 1139 1491 testis
1173 1446 1309 1500 solet,
1344 1445 1564 1504 exempla
1599 1448 1861 1504 inspexerit
1895 1449 1944 1492 in
1979 1446 2211 1494 Observv.
2246 1449 2281 1505 I,
2309 1457 2338 1500 7

238 1516 418 1597 posita,
455 1538 628 1597 quique
665 1536 724 1581 ab
758 1536 815 1581 iis
850 1537 1057 1581 citantur
1092 1535 1197 1592 alii,
1228 1534 1346 1580 illud
1378 1535 1438 1580 ab
1472 1537 1554 1591 iis,
1588 1551 1878 1595 quamquam
1914 1536 2200 1581 discriminis
2233 1536 2341 1583 for-—

238 1634 363 1672 tasse
397 1626 597 1686 ignari8‚
647 1625 1015 1669 commemorari
1050 1630 1098 1668 et
1131 1623 1309 1669 firmari
1341 1625 1550 1683 reperiet
1583 1638 1731 1683 genus
1767 1623 1981 1682 dicendi,
2031 1625 2082 1669 in
2119 1640 2211 1685 quo
2248 1640 2342 1670 ηο-

238 1716 466 1761 minativi
499 1730 633 1760 casus
667 1715 950 1774 gerundium
987 1730 1094 1759 cum
1132 1714 1279 1758 verbo
1315 1714 1613 1759 substantivo
1659 1715 1964 1758 coniunctum
2006 1716 2341 1772 impersonali-

240 1815 313 1851 ter
360 1804 712 1866 quodammodo
753 1803 948 1860 ponitur
992 1803 1313 1846 accusativum
1359 1818 1554 1861 regens,
1620 1818 1647 1845 a
1693 1818 1785 1861 quo
1838 1817 1891 1846 re
1946 1803 2185 1848 diversum
2245 1821 2339 1851 non

238 1903 333 1952 est,
404 1895 443 1938 si
492 1892 680 1951 quando
721 1891 938 1949 gerundii
986 1890 1303 1936 nominativus
1340 1896 1537 1948 propter
1583 1891 1847 1935 orationem
1882 1874 2115 1936 infinitam
2166 1893 2214 1938 in
2260 1911 2341 1939 ac—

239 1984 501 2029 cusativum
534 1981 718 2025 transit.
817 1978 926 2023 Hoc
961 1995 1139 2037 genus,
1201 1980 1327 2037 apud
1363 1980 1644 2025 vetustiores
1681 1977 2151 2039 frequentissimum,
2215 1987 2340 2041 apud

237 2073 516 2117 Ciceronem
563 2071 754 2127 eiusque
775 2062 994 2127 ‘aequales
1030 2081 1201 2126 prosoe
1234 2067 1460 2113 orationis
1495 2070 1751 2126 scriptores
1801 2067 1977 2129 (Varro
2011 2070 2059 2114 in
2092 2070 2341 2117 scribendo

240 2161 430 2220 quidem
466 2159 636 2216 [nior-is
668 2164 739 2199 cst
773 2154 936 2214 seculi)
980 2163 1027 2199 et
1062 2156 1347 2214 posteriores
1383 2157 1448 2200 ita
1486 2157 1702 2212 evanuit,
1753 2161 1804 2200 ut
1839 2158 1887 2200 in
1926 2158 2215 2203 nominativo
2246 2161 2341 2206 duo

239 2250 433 2293 omnino
469 2248 562 2290 sint
598 2244 817 2304 exempla
847 2247 896 2289 in
933 2245 1172 2288 Ciceronis
1211 2245 1423 2303 scriptis,
1483 2245 1531 2288 in
1570 2260 1769 2305 quorum
1816 2250 2017 2304 utroque
2051 2245 2340 2295 disiunctum

238 2336 520 2395 gerundium
558 2341 627 2376 cst
656 2335 715 2376 ab
752 2350 822 2388 eo,
857 2336 979 2394 quod
1015 2336 1151 2392 regit,
1186 2335 1233 2376 in
1268 2334 1459 2376 Catonis
1496 2349 1536 2377 c.
1571 2342 1598 2383 2
1647 2329 1816 2388 (viam,
1855 2347 2005 2391 quam
2040 2333 2180 2378 nohis
2216 2352 2339 2395 quo-

239 2441 330 2485 que
365 2423 737 2481 ingr-eclicndmn
777 2424 864 2484 sil)
911 2430 957 2465 et
992 2424 1292 2480 p1·o⁴Scauro
1339 2420 1362 2480 ᾗ
1401 2430 1463 2472 13
1512 2420 1938 2477 (Obliviscenclam
1974 2421 2107 2466 vobis
2141 2428 2339 2483 putatis

226 2499 455 2555 ¹malrum
488 2510 535 2552 in
573 2509 773 2561 liberos,
810 2511 1026 2554 virorum
1060 2510 1110 2553 ι”ι
1143 2524 1320 2553 uxores
1348 2509 1556 2571 scelera)
1573 2542 1590 2562 ,
1646 2510 1775 2567 apud
1805 2509 2153 2566 Quintilianum
2188 2528 2337 2558 unum

242 2601 341 2662 (XI,
377 2609 421 2652 3ᾖ
460 2603 576 2653 175,
638 2597 716 2642 ubi
756 2598 992 2642 obiectum
1028 2606 1100 2642 est
1134 2597 1239 2642 lzaec
1274 2597 1456 2659 longius
1490 2596 1777 2657 remotum);
1841 2599 2097 2644 accusativi
2138 2600 2337 2647 subiecti

238 2691 343 2734 loco
374 2688 510 2746 positi
548 2685 671 2729 nulla
710 2686 833 2745 apud
871 2701 950 2729 eos
987 2686 1207 2745 exempla
1244 2695 1383 2747 sunt3
1419 2704 1527 2733 nam
1566 2689 1720 2731 miuus
1755 2687 1897 2731 etiam
1927 2688 1978 2731 in
2006 2685 2189 2732 infinita
2226 2705 2336 2734 ora-

238 2782 367 2822 tione·
402 2785 446 2820 ct
482 2778 706 2835 pendenti
740 2777 1021 2835 gerundium
1049 2775 1107 2819 ab
1136 2776 1322 2820 obiecto
1352 2777 1684 2828 distinebatur,
1720 2792 1864 2835 quum
1890 2778 2155 2835 praesertim
2189 2781 2338 2824 vicina
