2555 3236
2160 210 2220 256 11

191 346 491 389 Oxonirnses
541 337 865 398 vastandam,
927 346 981 385 ut
1025 339 1195 384 merito
1246 340 1392 385 mirer
1427 339 1594 386 Orellii
1638 340 1955 401 irreligiosam
1993 339 2287 401 religionem,

185 434 411 478 mendum
449 429 646 473 alicuius
681 428 898 494 editionis
934 443 1044 473 cum
1074 425 1267 485 reliquis
1297 430 1619 488 propagantis.
1688 428 1895 474 Additur
1929 429 1992 473 ad
2017 428 2188 474 Famil.
2206 428 2288 485 IX,

186 529 214 573 2
249 519 321 564 ad
356 515 708 577 oeclzficandum
741 530 844 559 rem
870 514 1157 575 publicam5
1200 513 1352 559 haeret
1372 515 1534 560 hocin
1563 517 1855 561 editionibus
1883 524 1992 574 post
2012 517 2288 575 Graevium;

186 608 486 666 superioreS‚
534 611 588 649 ut
621 605 738 649 Cod.
770 604 901 648 Med.
912 633 929 655 ,
976 602 1160 646 habent
1191 600 1558 658 aedificandam.
1625 605 1798 649 Restat
1831 604 1965 648 Brut.
2004 606 2089 661 16,
2123 605 2186 656 62
2222 604 2294 649 ad

185 693 538 737 illustrandum
572 707 676 736 rem
705 690 984 751 publicam,
1018 691 1099 749 qui
1134 705 1269 734 error
1300 695 1373 733 est
1406 691 1625 735 editionis
1662 690 1877 750 Aldinae3
1926 707 2038 736 nam
2066 693 2294 751 superio-

183 798 261 828 res
291 789 420 827 recte
443 780 813 836 illustrandam,
846 777 907 822 ad
941 779 1069 838 quod
1105 794 1217 823 mox
1250 778 1459 822 reditum
1495 785 1579 823 est.
1647 778 1855 823 Orellius
1890 785 2054 824 tamen
2085 778 2153 840 (in
2180 780 2293 824 edit.

185 868 317 930 min.)
358 885 452 915 non
483 876 665 914 temere
697 867 1008 911 reiiciendum
1044 872 1209 925 putat3
1240 881 1350 910 nam
1386 865 1661 922 huiusmodi
1697 866 1930 925 elegantia
1964 873 2014 911 et
2045 868 2295 912 recondita

182 958 357 1003 menda
384 956 613 1016 philologi
636 970 733 999 non
769 954 941 998 menda
976 953 1283 1013 appellamus.
1353 953 1517 1010 Vides,
1548 955 1662 1013 quid
1696 955 1758 999 sit
1792 956 2065 1000 testimonia
2099 955 2205 1012 sibi,
2238 962 2293 1000 ut

182 1046 364 1105 antiqui
389 1044 666 1105 loquuntur,
703 1058 848 1087 manu
872 1041 1048 1087 facere.
1120 1041 1163 1087 A
1192 1042 1422 1087 Cicerone
1441 1043 1660 1087 venimus
1694 1043 1753 1087 ad
1784 1043 2037 1101 Caesarem,
2072 1058 2134 1089 ex
2155 1043 2291 1088 cuius

180 1134 235 1177 B.
274 1133 334 1176 G.
377 1133 419 1189 Ι,
455 1139 522 1184 38
589 1130 938 1175 Ramshornius
990 1132 1106 1175 citat
1145 1130 1217 1174 ad
1247 1130 1590 1189 occupandum
1633 1129 1996 1177 Vesontionem.
2100 1130 2289 1176 Vellem

183 1221 380 1266 dixisset
403 1219 560 1272 simul,
594 1219 723 1278 apud
751 1233 891 1277 quem
927 1218 1209 1276 scriptorem
1234 1216 1459 1261 Latinum
1497 1217 1621 1262 illius
1655 1219 1819 1276 oppidi
1849 1234 2027 1262 nomen
2055 1217 2289 1262 feminino

183 1323 359 1368 genere
393 1308 602 1366 positum
638 1306 924 1364 reperisset3
989 1319 1118 1350 nunc
1162 1318 1257 1350 non
1304 1306 1462 1350 minus
1495 1305 1733 1350 Caesarem
1776 1305 2090 1349 masculinum
2139 1319 2288 1364 genus

181 1401 398 1440 secutum
431 1409 535 1439 esse
570 1394 703 1451 dieo,
740 1407 883 1453 quam
922 1392 1130 1437 Dionem
1163 1394 1323 1450 Cass.,
1356 1395 1435 1453 qui
1470 1392 1756 1446 XXXVIII,
1789 1398 1855 1445 34
1889 1394 1950 1453 (p.
1978 1399 2075 1445 177
2111 1391 2290 1451 Reim.)

181 1483 372 1540 scripsit
399 1477 482 1528 τόν
519 1483 568 1528 δὲ
603 1477 662 1544 δή
697 1478 1052 1534 Cimoni-lewa,
1098 1481 1410 1526 confirmante
1446 1479 1696 1526 Narbonis
1732 1488 1781 1524 et
1814 1481 2018 1525 aliorum
2056 1480 2289 1541 analogia.

181 1570 319 1615 Dixit
353 1575 512 1614 tamen
548 1569 675 1614 idem
712 1568 808 1613 Dio
846 1568 1036 1613 Cassius
1087 1566 1286 1631 (LXIII,
1312 1572 1393 1620 24.
1424 1582 1470 1628 p.
1507 1567 1658 1630 1043)
1707 1565 1953 1628 γενόμενος
1995 1570 2045 1615 δὲ
2078 1572 2126 1615 ἐν
2162 1566 2291 1615 Οὐε-

180 1658 394 1705 σοντίωνι
430 1652 603 1720 ταύτην
638 1651 893 1717 ἐπολιόρκει
902 1675 920 1715 ,·
965 1671 1079 1701 nam
1116 1662 1167 1700 et
1197 1655 1378 1716 Hippo
1409 1671 1542 1700 nova
1573 1663 1622 1699 et
1648 1655 1993 1716 pulcherrima
2032 1654 2202 1700 Narbo
2244 1663 2293 1700 et

173 1743 344 1805 gelida
378 1746 634 1791 Praeneste
668 1743 894 1804 leguntur
904 1775 922 1798 ,
964 1744 1180 1789 variante
1214 1758 1331 1802 usu,
1378 1746 1586 1789 maxime
1620 1744 1849 1788 inferiore
1883 1752 2041 1788 aetate.
2115 1728 2289 1788 Verius

179 1831 341 1879 forsan
393 1833 611 1880 videatur
659 1832 731 1878 ad
783 1831 1128 1892 occupandum
1176 1830 1463 1878 Massiliam
1506 1834 1634 1892 apud
1683 1834 1890 1876 eundem
1944 1833 2183 1876 Caesarem
2234 1832 2290 1876 B.

181 1921 233 1967 C.
278 1921 326 1975 1,
372 1926 460 1979 343
530 1936 696 1967 verum
740 1919 1115 1980 Oudendorpius
1171 1918 1424 1982 plerosque
1482 1920 1618 1964 MSS.
1673 1928 1721 1964 et
1777 1921 1900 1964 Edd.
1961 1929 2078 1966 vett.
2141 1937 2287 1964 occu-

177 2008 406 2069 pandam
437 2008 614 2052 habere
641 2008 834 2066 scribit3
900 2009 959 2051 ad
991 2007 1055 2050 111
1089 2014 1250 2051 autem
1286 2008 1340 2052 B.
1380 2008 1440 2052 G.
1477 2025 1515 2051 c.
1555 2015 1617 2059 14
1653 2009 1794 2069 vulgo
1829 2011 2171 2067 occupandam
2208 2010 2286 2052 hic

180 2098 272 2158 legi
308 2098 518 2155 adnotat,
554 2098 637 2141 sed
672 2095 814 2156 vulgo
845 2102 1030 2139 tantum
1068 2102 1117 2138 et
1138 2094 1331 2151 forsan
1364 2098 1412 2141 in
1450 2113 1546 2141 uno
1581 2096 1826 2157 alteroque
1863 2095 1963 2141 MS.
1999 2111 2185 2157 quoque
2219 2098 2285 2142 ita

177 2185 335 2230 scribi.
440 2185 552 2242 Quo
591 2184 697 2228 loco
741 2184 867 2243 quod
910 2172 1099 2241 APuleii
1144 2184 1357 2226 codicem
1395 2187 1630 2241 optimum
1669 2185 2000 2230 Florentinum
2033 2185 2113 2229 lib.
2149 2183 2211 2229 X.
2238 2200 2284 2243 p.

180 2281 276 2324 222
313 2274 435 2318 Prie.
468 2274 540 2317 ad
569 2272 934 2333 explorandum
968 2269 1396 2316 mansuetudinem
1426 2271 1606 2318 habere
1639 2274 1841 2332 scripsit,
1874 2273 1939 2326 id,
1972 2288 2119 2333 quum
2146 2270 2286 2333 Apu-

179 2361 323 2406 leium
362 2362 559 2415 edebat,
606 2364 709 2420 ipse
744 2362 1033 2406 retractavit.
1104 2360 1340 2406 Caesarem
1378 2369 1607 2422 sequatur
1639 2362 1827 2419 Livius,
1872 2363 1953 2421 qui
1990 2363 2040 2407 in
2075 2364 2132 2407 iis
2165 2377 2281 2421 par—

180 2449 309 2495 tibus
351 2452 533 2510 operis,
587 2467 691 2511 quae
726 2452 839 2496 satis
877 2451 939 2496 ad
973 2450 1158 2496 codices
1193 2454 1373 2495 exactae
1407 2456 1541 2507 sunt,
1591 2464 1783 2510 semper
1816 2450 1877 2496 ad
1911 2451 2124 2512 regulam
2159 2452 2282 2495 scri-

178 2539 251 2584 bit
273 2538 327 2599 ¹).
405 2539 527 2583 Nam
561 2538 673 2596 VII,
707 2546 762 2595 5,
797 2547 828 2596 9
859 2539 930 2583 acl
959 2538 1318 2584 conciliandum
1347 2538 1574 2598 gratiam
1609 2539 2033 2585 Drakenborchius
2070 2542 2118 2586 in
2156 2541 2286 2585 duo-

274 2677 306 2716 1)
357 2673 546 2710 Drakenb.
572 2674 617 2708 ad
641 2673 723 2714 XL,
748 2676 812 2722 49:
847 2676 1051 2710 Observavi
1074 2683 1195 2708 autem
1222 2676 1395 2708 continua
1420 2677 1582 2709 codicum
1606 2679 1696 2710 Mss.
1723 2679 1824 2710 Livii
1847 2679 2094 2717 tracIatione,
2118 2690 2198 2718 eos,
2225 2679 2287 2724 qui

355 2737 581 2780 antiquiores
605 2742 640 2768 et
665 2737 886 2780 integriores
909 2743 1009 2777 sunt,
1034 2750 1075 2770 eo
1100 2737 1327 2771 constantius
1350 2737 1445 2771 lianc
1470 2735 1630 2780 formam
1654 2736 1885 2781 (participio
1907 2750 2077 2782 servare,
2102 2739 2165 2773 aba·
2185 2739 2284 2784 peio-

347 2797 409 2839 ris
426 2802 523 2829 notoe
549 2796 636 2829 libri
658 2795 840 2840 gerundia
866 2804 1087 2840 supponunt.
1155 2796 1281 2841 Atque
1307 2800 1339 2830 is
1368 2804 1492 2831 tamen
1518 2808 1595 2830 non
1622 2798 1802 2831 distinxit
1822 2807 1986 2840 genera;
2037 2810 2123 2833 nam
2156 2803 2195 2832 in
2227 2809 2283 2835 eo,

358 2857 458 2900 quod
488 2867 554 2890 nos
584 2864 803 2898 tractamus,
831 2865 877 2889 ne
902 2858 1051 2899 peiores
1080 2857 1233 2902 quidem
1257 2855 1343 2890 libri
1370 2859 1442 2890 nisi
1474 2867 1558 2890 raro
1585 2859 1740 2891 variant.
1789 2857 1995 2891 Discebant
2018 2862 2129 2902 pueri
2156 2861 2280 2892 trivia-

358 2918 431 2956 les,
459 2928 524 2962 per
550 2917 774 2961 gerundium
800 2916 1007 2959 legitimam
1034 2927 1115 2951 esse
1143 2925 1390 2957 structuram,
1417 2930 1495 2963 quae
1522 2924 1731 2949 mutaretur
1758 2921 1797 2951 iu
1825 2921 2077 2963 participium.

1971 2982 2023 3025 2..
