2555 3236
294 252 325 300 6

229 388 404 431 sensim
439 387 720 431 academicis
757 387 936 447 aliquot
969 387 1140 434 libellis
1167 385 1436 445 includere,
1504 380 1693 432 initium
1732 386 1947 435 facturus
1984 404 2108 435 nunc
2144 404 2171 434 a
2210 389 2336 435 Cae-

230 474 379 532 liana,
440 482 494 519 ut
543 476 766 533 deinceps
811 475 871 519 ad
915 475 1179 520 Sestianam
1224 473 1526 535 reliquasque
1578 476 1790 532 veniam,
1853 478 2072 538 daboque
2127 492 2335 536 operam,

233 570 462 622 quantum
497 561 691 608 efficere.
724 572 919 623 potem,
962 570 1045 623 ut,
1089 562 1281 608 exclusa
1319 564 1546 623 opinandi
1574 562 1784 608 instabili
1820 563 2036 625 levitate,
2073 567 2334 625 perspicuis

231 653 469 711 certisque
505 653 797 712 argumentis
834 653 1095 712 disputatio
1132 651 1425 707 conficiatur,
1460 652 1700 696 interdum
1734 667 1832 697 non
1867 654 1927 697 ad
1961 653 2046 697 has
2075 654 2198 699 solas
2220 669 2336 698 ora-

229 740 383 783 tiones
421 746 654 797 spectanS.
759 740 822 784 Et
856 743 904 785 in
938 742 1130 802 reliquis
1170 741 1466 785 orationibus
1504 756 1669 786 omnes
1703 742 1876 786 codicis
1911 742 2193 786 Parisiensis
2236 744 2338 787 dis-

229 834 477 886 crepantes
516 830 776 886 scripturas
816 844 1121 888 expromam3
1184 830 1234 873 in
1267 828 1494 873 Caeliana
1542 829 1659 874 nihil
1705 845 1823 888 opus
1859 836 1931 874 est
1964 830 2013 874 id
2047 835 2157 888 post
2189 829 2337 874 Orel—

231 916 346 960 lium
382 916 510 974 fieri,
564 919 654 961 nisi
688 925 917 976 quatenus
956 933 1131 976 paucas
1177 918 1408 977 quasdam
1440 918 1591 963 bonas
1637 917 1862 964 lectiones
1902 907 1974 976 'is,
2041 919 2121 979 qui
2166 914 2335 964 Orellii

230 1019 371 1047 causa
399 1005 612 1048 codicem
636 1004 851 1061 contulit,
887 1006 1207 1064 praetermisit.
1277 1003 1434 1066 Atque
1470 1006 1574 1050 haec
1605 1007 1815 1064 primum
1850 1008 2107 1067 attingam3
2143 1006 2202 1051 de
2225 1007 2337 1065 qui-

233 1092 319 1135 bus
355 1093 565 1137 dubitari
599 1094 708 1136 ideo
744 1109 839 1138 non
872 1101 1057 1153 potest,
1093 1094 1221 1154 quod
1255 1110 1354 1138 non
1387 1092 1627 1138 silentium
1664 1094 1895 1154 Krarupii
1929 1110 2115 1155 sequor,
2150 1094 2232 1139 sed
2269 1109 2337 1149 ea,

232 1195 338 1238 quae
372 1182 430 1224 ad
463 1182 726 1239 marginem
765 1184 998 1238 editionis,
1034 1184 1082 1226 in
1119 1198 1213 1241 qua
1244 1182 1349 1226 aliae
1383 1188 1522 1225 erant
1555 1181 1822 1239 lectiones,
1843 1184 2101 1228 adnotavit.
2170 1181 2337 1225 Minu-

230 1275 332 1311 tum
369 1275 441 1312 est
477 1271 601 1329 quod
641 1286 677 1314 c.
711 1278 764 1322 8,
802 1278 866 1321 20
904 1277 1035 1315 recte
1068 1271 1118 1314 in
1155 1286 1212 1314 eo
1244 1270 1468 1315 scribitur
1501 1285 1652 1331 quum
1685 1269 1748 1314 sit
1781 1269 1841 1314 iis
1878 1267 2213 1330 confitendum
2248 1284 2336 1328 pro

233 1353 335 1403 ms,-
371 1357 512 1414 paulo
550 1360 765 1416 gravius,
815 1360 942 1417 quod
982 1365 1058 1414 10,
1090 1366 1154 1409 23
1188 1373 1295 1401 cum
1329 1358 1600 1402 Erfurtensi
1635 1364 1684 1402 et
1717 1359 2040 1403 Bernensibus
2076 1351 2253 1402 omittit
2290 1365 2337 1400 et

234 1451 345 1487 ante
372 1445 597 1496 adiutor,
633 1453 872 1490 retentum
908 1463 968 1490 ex
1004 1447 1262 1502 depravata
1296 1445 1563 1505 vulgarium
1601 1446 1819 1491 codicum
1850 1447 2103 1505 scriptura,
2137 1445 2338 1490 eodem—

234 1548 323 1590 que
369 1535 417 1577 in
454 1549 631 1591 genere
669 1535 849 1590 putidae
886 1533 1203 1579 distinctionis
1235 1533 1487 1591 vitiosum,
1555 1534 1615 1578 de
1661 1549 1755 1593 quo
1804 1534 1904 1579 dixi
1949 1534 2000 1579 in
2047 1532 2249 1579 dissert.
2277 1532 2337 1576 de

234 1618 374 1666 Yerr.
410 1629 531 1679 part.
571 1622 623 1666 ΙΙ.
653 1638 697 1680 p.
729 1627 801 1674 17.
872 1620 1023 1664 Recte
1061 1620 1203 1664 etiam
1238 1636 1277 1666 c.
1314 1627 1401 1678 12,
1437 1628 1501 1677 29
1534 1620 1681 1665 habet
1716 1620 1818 1665 Sed
1852 1627 2030 1666 vestroe
2065 1617 2340 1679 sapientiae,

233 1709 443 1762 iudices,
480 1718 582 1762 est,
619 1711 701 1755 ubi
733 1709 875 1769 vulgo
910 1709 1085 1768 legitur
1114 1714 1211 1766 est,
1246 1706 1454 1766 iudices,
1491 1707 1678 1753 sublata
1708 1723 1764 1753 ea
1796 1709 2163 1768 compositione,
2197 1722 2337 1769 quam

233 1796 451 1841 Ciceroni
489 1801 712 1843 usitatam
759 1798 947 1841 ostendi
982 1798 1030 1840 in
1063 1797 1250 1841 dissert.
1286 1797 1388 1843 crit.
1441 1797 1500 1840 de
1544 1795 1660 1841 locis
1696 1796 1886 1843 Verrin.
1933 1804 2055 1856 part.
2088 1795 2142 1841 II.
2177 1810 2225 1854 p.
2261 1802 2337 1847 22.

233 1885 339 1944 (Est
374 1886 499 1929 idem
539 1887 584 1930 in
623 1888 733 1934 edit.
767 1883 937 1930 Adami
976 1884 1035 1929 de
1069 1881 1345 1944 Ambcrgau
1374 1886 1486 1930 anni
1526 1889 1681 1945 1472,
1736 1886 1785 1930 in
1822 1886 1894 1933 ed.
1925 1884 2096 1930 Venet.
2132 1899 2171 1928 a.
2209 1886 2339 1935 1480

234 1975 406 2034 legitur
445 1969 470 2021 ἔ
504 1982 597 2023 iud.
631 1975 680 2030 ἶ,
750 1977 797 2020 in
843 1971 943 2021 Erf.
982 1971 1178 2019 verbum
1215 1971 1356 2032 plane
1389 1973 1589 2033 excidit3
1650 1973 1780 2021 vides
1811 1972 2011 2035 turbaS.)
2044 1972 2170 2018 Tum
2199 1986 2236 2015 c.
2263 1976 2339 2023 14,

233 2067 297 2117 37
333 2063 436 2107 cod.
470 2061 646 2114 Paris,
681 2069 735 2106 ut
767 2061 934 2122 reliqui
973 2061 1111 2118 boni,
1137 2058 1346 2117 ferendi
1377 2060 1550 2119 habet,
1596 2076 1694 2106 non
1719 2059 1977 2119 ferenda5
2026 2060 2237 2117 leporem
2279 2074 2338 2102 ex

237 2151 497 2195 imitatione
531 2151 944 2196 sermocinationis
983 2148 1270 2209 quotidianae
1303 2149 1450 2194 habet
1483 2149 1564 2194 illa
1599 2151 1733 2210 quasi
1768 2148 2065 2194 confirmatio
2093 2145 2338 2204 paululum

236 2239 414 2283 variata
458 2238 717 2303 superioris
764 2238 899 2281 istius
948 2234 1123 2280 Ferrea·
1169 2242 1285 2280 sunt
1326 2236 1408 2281 isti
1444 2244 1634 2297 patres.
1728 2236 1917 2281 Deinde
1951 2249 2100 2279 unum
2132 2233 2338 2294 aliquem

234 2326 366 2386 fingit
404 2327 451 2369 in
486 2325 698 2370 Caelium
730 2324 892 2371 invehi
918 2321 971 2382 ¹).
1041 2323 1132 2367 Sed
1169 2324 1321 2368 multo
1356 2327 1547 2383 gravius
1579 2330 1676 2379 est,
1743 2324 1870 2382 quod
1904 2339 1942 2367 c.
1979 2324 2064 2379 26,
2097 2309 2188 2376 63,
2255 2323 2336 2367 ubi

231 2416 391 2458 editur
430 2429 654 2472 perverse
688 2421 735 2458 et
771 2420 939 2458 contra
985 2418 1165 2455 certam
1208 2411 1437 2470 loquendi
1475 2426 1692 2456 normam
1736 2410 1806 2454 acl
1846 2410 2143 2456 tradendum
2181 2409 2341 2469 pyxi-

238 2502 362 2554 dem,
392 2502 674 2546 Parisiensis
712 2516 897 2560 quoque
934 2500 1115 2556 codex,
1166 2504 1345 2557 praeter
1374 2498 1642 2544 Beruenses
1677 2504 1725 2543 et
1759 2495 2116 2556 Erfurtensem,
2176 2512 2336 2543 veram

410 2696 642 2741 negatione?
688 2693 765 2729 Aut
793 2693 1087 2739 depugnandum
1115 2691 1246 2728 Cicero
1272 2692 1347 2728 sibi
1374 2690 1493 2727 fuisse
1518 2695 1570 2727 ait
1597 2703 1680 2727 cum
1703 2691 1891 2726 eoinmuui
1918 2692 2088 2737 periculo
2115 2697 2197 2730 aut,
2236 2689 2337 2733 quod

409 2756 586 2793 omnibus
614 2756 860 2800 impenderet,
884 2755 957 2790 sibi
984 2758 1050 2789 uui
1074 2765 1144 2800 pro
1170 2753 1343 2789 omnibus
1368 2753 1620 2789 subeundum.
1674 2752 1755 2788 Hoc
1782 2764 1821 2788 se
1844 2756 1895 2788 ait
1922 2752 2054 2788 secisse
2078 2761 2148 2786 nec
2173 2751 2340 2795 potuisse

410 2816 565 2851 dubium
590 2826 669 2849 esse
698 2816 932 2851 electionem.
975 2817 1105 2859 Itaque
1130 2817 1274 2859 quaerit,
1303 2817 1480 2859 potiusne
1509 2814 1752 2859 depugnauit,
1781 2825 1892 2858 quam
1917 2814 2012 2848 illud
2040 2812 2195 2846 subiret.
2237 2805 2339 2851 Quid

407 2878 573 2923 apertius
588 2877 605 2910 »3

325 2966 364 3006 ι)
410 2963 448 2999 C.
475 2975 530 3007 20,
556 2963 599 3006 49
627 2961 711 2995 Par.
741 2963 879 2995 omittit
907 2961 938 2993 si
961 2966 1045 2993 ante
1070 2960 1107 2994 in
1132 2959 1259 2996 hortis.
