2555 3236
2229 202 2260 249 5

229 333 546 390 adhibuisset,
582 333 643 377 ad
679 332 940 378 Sestianam
982 332 1069 379 hos
1101 334 1395 389 Beruenses,
1439 339 1583 394 atque
1616 333 1666 378 in
1703 331 1782 377 illa
1823 330 1966 391 longe
1999 332 2232 391 plurima,
2275 335 2324 379 in

225 421 315 466 hac
348 420 589 481 permulta
620 421 743 465 bene
776 423 1083 474 restituisset,
1148 422 1369 480 idemque
1402 436 1530 466 nunc
1576 421 1680 465 sine
1711 419 1859 465 dubio
1894 418 2069 465 fecerit
2103 423 2154 467 in
2188 422 2329 467 tertia

224 508 305 554 illa
340 509 580 567 oratione,
625 524 722 553 non
757 516 881 565 erat,
918 524 1003 553 cur
1036 513 1237 568 propter
1269 522 1351 566 ea,
1386 523 1491 568 quae
1523 507 1796 561 restabant,
1832 522 1957 553 nova
1992 509 2139 554 editio
2173 509 2330 554 susci-

223 603 420 656 peretur
452 597 662 656 ipsarum
696 598 989 654 orationum,
1054 596 1140 640 sed
1175 593 1293 639 alius
1327 610 1385 640 ca.
1416 596 1468 640 in
1505 594 1658 640 lucem
1698 594 1978 655 proferendi
2013 598 2183 641 modus
2217 595 2328 656 eligi

229 683 446 730 debebat.
515 684 618 730 Nec
641 684 945 731 Vatinianam
981 690 1030 729 et
1051 682 1402 741 Cornelianum,
1435 698 1581 743 quum
1600 685 1867 743 praesertim
1895 685 1956 729 ad
1989 684 2132 730 huius
2161 698 2335 729 emen-

223 774 463 818 dationem
488 775 646 818 minus
669 772 838 831 profici
857 779 1032 831 posset,
1069 788 1159 833 per
1192 787 1244 817 se
1278 772 1419 817 edere
1451 785 1610 831 operae
1644 774 1851 831 pretium
1887 774 2153 819 videbatur.
2218 772 2330 830 Sed,

224 861 350 921 quod
379 861 492 918 dixi,
525 866 581 905 ut
608 866 914 920 superessent
946 868 1055 919 post
1086 859 1254 905 Orellii
1284 874 1447 905 curam
1481 858 1612 903 haud
1645 861 1712 905 ita
1746 875 1912 919 pauca,
1942 878 2048 922 quae
2078 862 2191 906 addi
2209 875 2327 920 pos-

222 954 343 1006 sent,
370 949 579 1008 primum
603 962 661 992 eo
685 946 864 992 factum
888 954 972 1005 est,
1007 949 1134 1009 quod
1152 949 1203 993 in
1226 947 1442 992 Sestiana
1462 949 1858 1005 praestantissimo
1882 950 2057 993 codicis
2079 949 2327 994 Parisien-

224 1037 288 1081 sis
310 1037 381 1080 rei
407 1035 630 1095 gerendae
657 1036 880 1093 praesidio
912 1037 1087 1093 caruit,
1123 1036 1253 1095 quod
1286 1035 1611 1079 Beruensibus
1645 1051 1745 1079 non
1779 1050 1976 1094 prorsus
2014 1038 2327 1095 compensari,

223 1124 337 1169 satis
370 1138 432 1167 ex
465 1121 689 1167 Caeliana
720 1121 920 1182 intelligi
952 1129 1125 1182 potest.
1190 1122 1316 1168 Tum
1351 1137 1463 1169 vero
1497 1137 1596 1168 non
1626 1122 1784 1168 solum
1818 1124 1870 1168 in
1901 1124 1983 1182 iis,
2019 1138 2126 1185 quae
2156 1129 2328 1169 aucto—

220 1214 416 1257 ritatum
448 1211 634 1257 delectu
669 1213 902 1269 nituntur,
934 1211 1108 1256 iudicia
1137 1209 1319 1270 aliquot
1350 1211 1453 1255 eius
1486 1210 1759 1269 improbare
1794 1226 1958 1271 cogor,
1990 1212 2075 1257 sed
2101 1212 2329 1269 maxime,

222 1300 307 1344 ubi
339 1300 513 1344 menda
544 1307 628 1344 aut
657 1305 822 1344 contra
857 1299 1192 1343 auctoritatem
1226 1297 1470 1357 arguenda
1504 1303 1641 1343 erant
1669 1304 1776 1355 aut,
1833 1299 1930 1343 iam
1956 1300 2071 1345 satis
2104 1300 2325 1345 codicum

221 1389 495 1431 testimonio
530 1389 770 1444 convicta,
821 1400 884 1430 ex
913 1384 1087 1431 horum
1123 1384 1337 1431 obscuris
1372 1386 1581 1448 vestigiis
1614 1385 1918 1446 corrigenda,
1981 1385 2122 1447 plura
2155 1386 2324 1434 relicta

222 1474 569 1533 animadverte,
639 1489 745 1534 quae
789 1473 954 1520 videor
996 1471 1190 1532 explere
1234 1486 1375 1532 posse
1397 1470 1453 1534 ιζ).
1552 1473 1675 1518 Haec
1718 1474 1867 1534 igitur
1918 1477 2079 1519 omnia
2132 1476 2322 1521 decrevi

316 1705 349 1745 ι)
397 1700 584 1740 Omnino,
608 1710 655 1733 ne
681 1697 774 1741 quid
803 1697 1055 1739 dissimulem,
1084 1709 1202 1742 quum
1225 1700 1265 1733 in
1283 1693 1421 1733 Orellii
1446 1695 1676 1733 editionibus
1700 1696 1940 1743 singulorum
1965 1700 2194 1746 scriptorum
2218 1698 2326 1747 (nam

395 1770 533 1806 corpus
558 1758 655 1794 illud
681 1756 968 1791 Ciceroniauum
992 1758 1068 1791 alio
1090 1757 1203 1791 modo
1227 1757 1469 1791 iudicandum
1495 1759 1566 1797 est)
1614 1757 1802 1790 delectum
1834 1758 2092 1792 subsidiorum
2117 1768 2155 1793 et
2179 1768 2323 1794 rectum

396 1822 621 1867 plerumque
646 1818 833 1851 iudicium
857 1816 973 1850 verba
997 1827 1110 1851 sensu
1132 1828 1233 1851 cassa
1257 1827 1437 1860 spernens
1462 1825 1499 1849 et
1524 1818 1772 1860 multiplicem
1798 1817 2014 1868 *doctrinam
2039 1818 2219 1862 probem,
2270 1828 2325 1855 ta-

394 1890 482 1913 men
506 1889 629 1912 acrem
653 1877 905 1920 subtilemque
925 1879 1255 1921 investigationem
1280 1878 1418 1909 veteris
1452 1886 1543 1909 usus
1567 1875 1751 1919 loquendi
1778 1883 1817 1910 et
1844 1887 2000 1911 sensum
2023 1879 2065 1911 in
2087 1877 2161 1912 hoc
2185 1889 2323 1923 genere

395 1946 539 1974 certum
561 1936 737 1971 nonnihil
764 1936 958 1980 desidero,
998 1946 1048 1970 ex
1072 1946 1148 1979 quo
1177 1933 1242 1976 fit,
1280 1942 1324 1969 ut
1345 1937 1678 1978 interpretationes
1702 1936 1876 1970 locorum
1900 1935 2108 1970 dubiorum
2133 1938 2323 1973 interdum

395 1999 509 2043 paulo
536 1999 712 2031 licentius
735 1995 852 2040 fingat
875 1998 916 2029 in
938 1994 1128 2039 rebusque
1154 1997 1403 2039 grammaticis
1425 2004 1518 2027 mox
1544 1995 1817 2029 nonnullorum
1842 1999 1950 2030 vanis
1990 1996 2322 2041 disputationibus,

396 2060 463 2102 qui
488 2058 579 2101 quid
602 2059 651 2090 sit
675 2058 714 2088 in
739 2057 868 2098 lingua
893 2065 1012 2098 eaque
1037 2057 1289 2098 exprimatur,
1311 2058 1500 2100 ignorant,
1524 2053 1747 2097 refragetur,
1772 2067 1864 2090 mox
1887 2056 1934 2090 iis
1960 2056 2202 2101 adhaerescat3
2240 2065 2323 2094 tum

396 2118 442 2151 de
467 2119 691 2161 scriptorum
716 2115 908 2148 voluntate
932 2115 1169 2158 consilioque
1194 2117 1233 2148 in
1251 2111 1377 2148 verbis
1397 2112 1595 2156 ponendis,
1620 2113 1666 2147 de
1683 2114 1906 2148 mendorum
1930 2122 1969 2149 et
1987 2114 2322 2160 discrepantiarum

397 2175 612 2221 originibus
632 2183 669 2209 et
694 2176 815 2209 causis
835 2172 1099 2218 similibusque
1122 2172 1236 2208 rebus
1256 2172 1448 2207 interdum
1467 2184 1599 2217 parum
1620 2174 1853 2208 considerate
1878 2181 1917 2208 et
1943 2175 2058 2219 paulo
2082 2173 2324 2213 festinantius

394 2237 565 2270 iudicare
590 2237 752 2275 videtur,
780 2246 856 2269 non
879 2238 970 2269 satis
994 2234 1189 2269 attendens
1210 2234 1257 2268 ad
1282 2236 1337 2267 rei
1361 2240 1534 2267 naturam
1558 2241 1595 2267 et
1619 2234 1665 2268 ad
1694 2245 1749 2275 ea,
1777 2245 1859 2278 quae
1882 2232 1966 2268 fieri
1988 2238 2145 2279 possint.
2204 2237 2323 2276 Cuius

396 2297 475 2336 rei,
512 2304 559 2329 ne
585 2294 789 2329 obscurum
814 2296 886 2335 sit,
919 2293 1012 2338 quid
1038 2296 1217 2334 seutiam,
1246 2293 1466 2336 exemplum
1490 2295 1701 2336 praecipiam
1726 2304 1776 2326 cx
1799 2291 1973 2326 Sestianae
1996 2298 2180 2331 orationis
2206 2310 2238 2332 c.
2265 2311 2321 2340 20,

394 2358 412 2400 5
437 2355 503 2394 46,
528 2355 594 2387 ubi
619 2356 768 2388 editur:
815 2357 1063 2400 depugnarem
1084 2355 1210 2399 potius
1236 2366 1317 2387 eum
1340 2366 1497 2394 summo,
1533 2365 1605 2387 non
1631 2354 1752 2388 dicam
1778 2352 1909 2395 exitio,
1946 2354 2014 2389 sed
2035 2357 2200 2400 periculo
2223 2365 2321 2395 certe

397 2421 516 2450 vestro
541 2413 827 2459 liberorumque,
853 2426 962 2459 quam
987 2426 1057 2448 non
1082 2414 1143 2454 id,
1179 2414 1275 2460 quod
1296 2413 1464 2447 omnibus
1484 2412 1735 2457 impendebat,
1763 2423 1857 2445 unus
1875 2423 1946 2457 pro
1972 2416 2139 2450 omnibus
2160 2419 2321 2464 suscipe-

397 2487 470 2509 rem
508 2484 553 2505 ac
586 2471 774 2505 subirem?
808 2472 912 2506 Unus
951 2472 1141 2507 Gesnerus
1176 2473 1438 2505 animadvertit
1488 2474 1543 2510 (in
1568 2470 1776 2505 Chrestom.
1806 2471 1884 2509 Cic.
1904 2485 1941 2517 p.
1967 2475 2073 2518 278),
2118 2478 2221 2520 quod
2247 2489 2320 2523 ego

393 2535 584 2568 neminem
619 2531 924 2566 animadvertisse
958 2531 1133 2577 putabam
1170 2538 1207 2565 et
1230 2530 1470 2574 indignabar,
1517 2540 1639 2574 quum
1672 2530 1773 2566 idem
1808 2530 1977 2566 dicebam
2026 2533 2082 2575 (iu
2107 2535 2249 2582 disput.
2272 2538 2321 2574 de

393 2592 577 2629 emendat.
602 2591 674 2624 loc.
700 2590 817 2633 aliqu.
843 2597 952 2626 oratt.
978 2590 1056 2625 Cic.
1078 2591 1202 2625 Hauu.
1231 2591 1316 2625 1831
1344 2600 1382 2633 p.
1409 2600 1450 2622 10
1475 2591 1585 2632 not.)‚
1611 2590 1815 2625 delendum
1840 2602 1920 2626 esse
1946 2604 2040 2634 non,
2068 2606 2146 2639 quo
2171 2597 2320 2633 adiecto

395 2652 555 2688 ridicule
582 2660 758 2695 prorsus,
796 2659 873 2682 uon
901 2654 1134 2685 contrarium
1159 2650 1297 2683 dicitur
1321 2650 1426 2690 eius,
1477 2650 1582 2694 quod
1621 2650 1697 2684 dici
1717 2649 1898 2692 debebat,
1944 2652 2010 2686 sed
2046 2655 2143 2690 nihil
2167 2656 2319 2696 dicitur.

394 2713 561 2748 Tollitur
586 2713 685 2744 enim
705 2711 935 2753 comparatio
956 2709 1120 2755 duplicis
1142 2709 1389 2751 condicionis,
1412 2720 1495 2754 quae
1519 2714 1712 2755 proposita
1734 2718 1832 2745 esset
1854 2710 1901 2745 ad
1925 2712 2156 2756 eligendum.
2201 2716 2319 2753 Cuius

394 2769 564 2808 Orellius
587 2776 875 2805 commemorata
897 2773 1080 2804 sententia
1093 2796 1103 2813 ,
1151 2770 1303 2815 negatio
1326 2775 1472 2813 tamen,
1509 2772 1656 2814 inquit,
1698 2770 1935 2816 manifestius
1956 2772 2152 2819 significae
2174 2789 2259 2811 eum
2279 2780 2321 2813 ω

396 2844 524 2877 reapse
542 2831 693 2877 fecisse.
754 2829 856 2864 Itane
881 2830 1004 2863 vero?
1050 2827 1181 2873 Quum
1202 2830 1332 2876 potius
1354 2829 1421 2863 Ιιοο
1454 2841 1566 2876 quam
1598 2830 1695 2864 illud
1732 2830 1935 2865 dicendum
1962 2839 2039 2873 est,
2082 2835 2316 2871 manifestius

398 2895 491 2937 erit,
524 2895 556 2927 si
583 2903 690 2939 quam
713 2901 785 2925 non
808 2888 904 2923 illua
927 2888 1090 2923 dixero?
1135 2896 1174 2924 et
1196 2899 1327 2935 reapse
1352 2887 1486 2923 fecisse
1512 2890 1680 2934 aliquem
1702 2890 1868 2935 aliquid,
1909 2891 2145 2929 manifestius
2171 2900 2242 2929 erit
2265 2907 2314 2931 ex
