2555 3236
2179 212 2244 258 27

196 341 620 391 Berolinensem,
656 338 1005 404 Lipsiensem,
1051 337 1545 389 Vindobonensem,
1591 338 2058 394 Monachiensem‚
2112 338 2306 390 Tubin-

192 447 433 494 gensem,
473 426 1008 493 Heidelbergensem,
1051 427 1517 491 Herbipolensem,
1561 427 1994 491 Gottingensem,
2030 430 2308 479 Parisien-

196 535 329 569 sem,
365 518 913 581 Argentoratensem,
953 515 1267 567 Kiliensem,
1308 515 1402 563 ubi
1436 517 1517 562 rei
1554 515 1782 563 medicae
1818 519 1877 562 in
1910 496 2218 567 uniuersum
2251 532 2307 567 et

190 607 465 670 praecipue
506 602 1015 670 ophthalmologicoe
1057 605 1281 652 vacavi.
1376 604 1529 651 Inter
1570 602 1690 650 illos
1729 599 1874 652 viros
1912 603 2304 659 illustrissimos,

193 692 380 757 quibus
430 690 849 757 praeceptoribus
903 707 1022 739 usus
1082 707 1231 742 sum,
1286 691 1501 739 honoris
1568 708 1736 748 causa
1792 692 2125 740 nominandi
2184 706 2307 741 sunt

192 780 389 847 Jceger‚
416 782 608 832 Rosas,
644 780 986 833 Har-emuna,
1021 779 1105 827 W
1101 795 1296 846 agner,
1332 780 1760 846 Schlagintweit,
1799 780 2045 847 Noegele,
2073 781 2306 836 Chelius,

188 868 509 922 Sclto'nlein,
554 870 909 936 Dupuytren,
963 870 1170 931 Boyer,
1216 870 1406 921 Roux,
1446 869 1733 930 Lisfranc,
1782 868 2026 923 Civiale,
2072 870 2305 926 Sanson,

193 960 255 1005 V
247 958 328 1023 elp
336 974 463 1008 eau,
508 957 747 1008 Alibert,
785 959 956 1009 Biett,
1010 956 1285 1009 The‘nard,
1325 956 1524 1021 Otfila,
1568 955 1847 1009 Dume'rz'l,
1891 974 2119 1023 quorum
2154 960 2305 1008 scho-

190 1045 273 1092 las
328 1062 449 1092 cum
499 1043 749 1110 publicas
800 1055 917 1092 tum
964 1047 1221 1109 privatas
1270 1061 1476 1111 magno
1524 1061 1644 1092 cum
1685 1044 1884 1108 fructu
1922 1046 2303 1112 frequentavi.

189 1134 254 1180 In
288 1133 540 1197 patriam
583 1133 782 1185 redux,
815 1135 1093 1182 invitatus
1133 1133 1213 1181 ad
1257 1149 1599 1185 concursum,
1643 1135 1738 1198 qui
1774 1144 2046 1186 vocatur,
2087 1136 2159 1183 de
2186 1153 2307 1185 mu-

190 1239 319 1268 nere
348 1221 659 1285 professoris
682 1221 1157 1288 Pharmacologioe
1182 1221 1446 1269 accedere
1487 1238 1644 1269 ausus
1664 1238 1799 1268 sum.
1887 1222 2093 1270 Postea
2112 1225 2304 1274 disser-

190 1312 459 1356 tationem
501 1309 573 1357 de
610 1307 1021 1357 Inflammatione
1048 1309 1263 1356 Corneae
1301 1310 1666 1372 transparentis
1693 1306 1980 1358 scrofulosa
2003 1316 2302 1378 conscripsi,

190 1402 334 1462 cujus
364 1408 586 1463 partem
622 1400 861 1463 priorem
898 1415 1002 1463 pro
1036 1398 1263 1445 licentia
1301 1413 1532 1445 summos
1567 1400 1622 1443 in
1661 1408 1784 1443 arte
1820 1399 2039 1446 medica
2075 1400 2303 1451 honores

186 1489 290 1534 rite
334 1487 651 1551 capessendi
692 1488 837 1535 XIV
864 1486 1239 1536 Calendarum
1279 1486 1568 1553 Iuniarum
1614 1502 1763 1532 anno
1799 1486 2299 1544 MDCCGXXA'II,

187 1576 489 1640 impetrata
532 1577 732 1627 venia,
813 1572 1032 1641 publice
1086 1573 1318 1639 defendi
1329 1592 1349 1632 ,·
1429 1575 1781 1640 posteriorem
1819 1583 2042 1640 partem
2086 1576 2167 1626 ad
2206 1577 2301 1629 hos

186 1667 321 1730 ipsos
358 1663 585 1711 honores
629 1663 986 1729 assequendos
1027 1664 1115 1712 ΧῙ
1157 1661 1534 1712 Calendarum
1570 1661 1694 1709 Jun.
1747 1661 1849 1709 hoc
1905 1680 2089 1717 anno,
2170 1684 2299 1732 per..

189 1754 438 1798 mittente
471 1750 816 1798 illustrissimo
858 1752 1200 1798 Medicorum
1238 1751 1544 1798 Hauniensi
1582 1749 1823 1802 Ordine,
1861 1751 2080 1817 publico
2114 1756 2297 1803 erudi-

188 1851 364 1887 torum
402 1841 645 1886 examini
680 1838 910 1887 submisi.

360 2194 522 2256 Rogat
550 2195 697 2256 igitur
728 2202 888 2242 rector
921 2209 1030 2239 cum
1063 2198 1232 2238 senatu
1266 2191 1538 2236 academico
1572 2205 1735 2236 rerum
1775 2193 2155 2240 academica-um
2185 2202 2295 2242 stu-

189 2284 344 2330 diosos
380 2289 430 2328 et·
462 2286 578 2330 artis
612 2286 811 2331 medicae
847 2282 1070 2341 cultores,
1103 2288 1171 2340 ut,
1207 2280 1336 2342 quod
1357 2281 1573 2339 ipsorum
1597 2281 1850 2326 commodo
1871 2280 1970 2335 fiat,
2005 2283 2082 2327 die
2105 2281 2129 2327 1
2150 2298 2294 2330 men-

185 2374 248 2418 sis
280 2373 309 2417 J
312 2374 411 2418 unii
443 2372 564 2418 hora
597 2373 689 2417 XII
722 2376 774 2418 in
807 2373 1099 2418 auditorium
1145 2369 1331 2429 collegii
1368 2369 1490 2428 regii
1523 2367 1798 2429 frequentes
1833 2372 2093 2416 convenire
2128 2372 2290 2430 velint,

184 2462 395 2520 primum
455 2459 628 2507 Virum
683 2460 1166 2521 Experientissimum
1232 2465 1282 2502 et
1337 2455 1698 2515 Amplissimum
1710 2488 1728 2510 ‚
1783 2449 1850 2510 J
1849 2448 1915 2511 0
1914 2451 1986 2510 Α
1988 2451 2065 2512 Ν
2062 2450 2138 2512 Ν
2137 2450 2206 2511 Ε
2213 2451 2302 2514 Μ

185 2539 590 2603 DANIEL
648 2536 1490 2610 HERHOLDTIUM,
1524 2546 1653 2594 Med.
1685 2547 1827 2595 Doct.
1863 2548 1929 2594 Et
1959 2548 2291 2597 Professorem

185 2639 495 2687 Ordinarium
529 2641 886 2703 Facultatisque
922 2641 1034 2687 Suae
1066 2639 1176 2685 Hoc
1205 2636 1347 2685 Anno
1382 2637 1649 2696 Decanum,
1683 2636 1808 2698 Regi
1843 2634 1887 2683 A
1919 2637 2141 2685 Consiliis
2174 2638 2291 2687 Stu-

182 2736 287 2787 tus,
354 2728 551 2775 Ordinis
585 2730 910 2792 Danebrogici
943 2729 1197 2790 Equitem,
1263 2727 1326 2772 de
1363 2724 1701 2788 physiologice
1739 2728 2045 2786 proestantia
2089 2725 2288 2790 eiusque

182 2832 311 2864 nexu
332 2832 443 2863 cum
464 2818 655 2866 coeteris
689 2818 915 2876 scientiis,
948 2817 1001 2863 in
1020 2815 1201 2878 primis
1221 2831 1333 2862 cum
1359 2822 1471 2862 arte
1499 2812 1710 2869 medica,
1730 2814 1944 2862 breviter
1976 2816 2286 2863 disserentem

181 2908 411 2967 audituri,
456 2907 628 2954 deinde
660 2908 900 2957 honorum
936 2909 1211 2956 doctoratus
1246 2907 1497 2953 medicinae
1533 2904 1594 2951 ab
1628 2919 1686 2951 eo
1718 2906 1768 2952 in
1804 2906 1933 2953 viros
1967 2884 2287 2968 experientis-
