<?xml version="1.0" encoding="UTF-8"?>
<!DOCTYPE html PUBLIC "-//W3C//DTD XHTML 1.0 Transitional//EN"
    "http://www.w3.org/TR/xhtml1/DTD/xhtml1-transitional.dtd">
<html xmlns="http://www.w3.org/1999/xhtml" xml:lang="en" lang="en">
 <head>
  <title>
</title>
<meta http-equiv="Content-Type" content="text/html;charset=utf-8" />
  <meta name='ocr-system' content='tesseract 3.04.00' />
  <meta name='ocr-capabilities' content='ocr_page ocr_carea ocr_par ocr_line ocrx_word'/>
</head>
<body>
  <div class='ocr_page' id='page_1' title='image "4629185_0026.png"; bbox 0 0 2555 3236; ppageno 0'>
   <div class='ocr_carea' id='block_1_1' title="bbox 1215 0 2030 2">
    <p class='ocr_par' dir='ltr' id='par_1_1' title="bbox 1215 0 2030 2">
     <span class='ocr_line' id='line_1_1' title="bbox 1215 0 2030 2; baseline 0 0"><span class='ocrx_word' id='word_1_1' title='bbox 1215 0 2030 2; x_wconf 95' lang='lat' dir='ltr'><strong> </strong></span> 
     </span>
    </p>
   </div>
   <div class='ocr_carea' id='block_1_2' title="bbox 319 283 384 331">
    <p class='ocr_par' dir='ltr' id='par_1_2' title="bbox 319 283 384 331">
     <span class='ocr_line' id='line_1_2' title="bbox 319 283 384 331; baseline -0.031 0"><span class='ocrx_word' id='word_1_2' title='bbox 319 283 384 331; x_wconf 83' lang='lat'><strong>20</strong></span> 
     </span>
    </p>
   </div>
   <div class='ocr_carea' id='block_1_3' title="bbox 250 409 2345 2615">
    <p class='ocr_par' dir='ltr' id='par_1_3' title="bbox 253 409 2337 658">
     <span class='ocr_line' id='line_1_3' title="bbox 255 409 2336 481; baseline -0.002 -16"><span class='ocrx_word' id='word_1_3' title='bbox 255 433 408 481; x_wconf 81' lang='lat' dir='ltr'><strong>neque</strong></span> <span class='ocrx_word' id='word_1_4' title='bbox 440 423 621 463; x_wconf 83' lang='lat' dir='ltr'><strong>actum.</strong></span> <span class='ocrx_word' id='word_1_5' title='bbox 688 414 799 462; x_wconf 86' lang='lat' dir='ltr'><strong>Fuit</strong></span> <span class='ocrx_word' id='word_1_6' title='bbox 825 414 968 475; x_wconf 88' lang='lat' dir='ltr'><strong>igitur</strong></span> <span class='ocrx_word' id='word_1_7' title='bbox 1000 409 1110 457; x_wconf 86' lang='lat' dir='ltr'><strong>olim</strong></span> <span class='ocrx_word' id='word_1_8' title='bbox 1141 409 1412 458; x_wconf 87' lang='lat' dir='ltr'><strong>huiusmodi</strong></span> <span class='ocrx_word' id='word_1_9' title='bbox 1447 411 1671 458; x_wconf 82' lang='lat' dir='ltr'><strong>orationis</strong></span> <span class='ocrx_word' id='word_1_10' title='bbox 1700 411 1879 460; x_wconf 81' lang='lat' dir='ltr'><strong>forma:</strong></span> <span class='ocrx_word' id='word_1_11' title='bbox 1924 411 2048 459; x_wconf 70' lang='lat' dir='ltr'><strong>nihil</strong></span> <span class='ocrx_word' id='word_1_12' title='bbox 2077 412 2219 461; x_wconf 83' lang='lat' dir='ltr'><strong>aluid</strong></span> <span class='ocrx_word' id='word_1_13' title='bbox 2244 430 2336 461; x_wconf 88' lang='lat' dir='ltr'><strong>ne-</strong></span> 
     </span>
     <span class='ocr_line' id='line_1_4' title="bbox 253 500 2337 571; baseline -0.002 -17"><span class='ocrx_word' id='word_1_14' title='bbox 253 525 346 570; x_wconf 85' lang='lat' dir='ltr'><strong>que</strong></span> <span class='ocrx_word' id='word_1_15' title='bbox 379 507 665 571; x_wconf 82' lang='lat' dir='ltr'><strong>[cogitatum</strong></span> <span class='ocrx_word' id='word_1_16' title='bbox 700 503 878 566; x_wconf 83' lang='lat' dir='ltr'><strong>neque]</strong></span> <span class='ocrx_word' id='word_1_17' title='bbox 913 510 1080 548; x_wconf 81' lang='lat' dir='ltr'><strong>actum</strong></span> <span class='ocrx_word' id='word_1_18' title='bbox 1123 509 1205 548; x_wconf 82' lang='lat' dir='ltr'><strong>est.</strong></span> <span class='ocrx_word' id='word_1_19' title='bbox 1274 500 1399 563; x_wconf 71' lang='lat' dir='ltr'><strong>(cfr.</strong></span> <span class='ocrx_word' id='word_1_20' title='bbox 1434 503 1606 561; x_wconf 82' lang='lat' dir='ltr'><strong>disput.</strong></span> <span class='ocrx_word' id='word_1_21' title='bbox 1634 504 1713 548; x_wconf 56' lang='lat' dir='ltr'><strong>,de</strong></span> <span class='ocrx_word' id='word_1_22' title='bbox 1748 506 1983 551; x_wconf 85' lang='lat' dir='ltr'><strong>emendat.</strong></span> <span class='ocrx_word' id='word_1_23' title='bbox 2016 504 2160 551; x_wconf 87' lang='lat' dir='ltr'><strong>locor.</strong></span> <span class='ocrx_word' id='word_1_24' title='bbox 2196 505 2337 566; x_wconf 87' lang='lat' dir='ltr'><strong>aliqu.</strong></span> 
     </span>
     <span class='ocr_line' id='line_1_5' title="bbox 253 589 1720 658; baseline -0.005 -14"><span class='ocrx_word' id='word_1_25' title='bbox 253 603 390 645; x_wconf 83' lang='lat' dir='ltr'><strong>oratt.</strong></span> <span class='ocrx_word' id='word_1_26' title='bbox 422 613 470 658; x_wconf 90' lang='lat' dir='ltr'><strong>p.</strong></span> <span class='ocrx_word' id='word_1_27' title='bbox 509 603 571 655; x_wconf 88' lang='lat'><strong>19</strong></span> <span class='ocrx_word' id='word_1_28' title='bbox 606 602 654 642; x_wconf 89' lang='lat' dir='ltr'><strong>et</strong></span> <span class='ocrx_word' id='word_1_29' title='bbox 685 592 869 655; x_wconf 81' lang='lat' dir='ltr'><strong>praefat.</strong></span> <span class='ocrx_word' id='word_1_30' title='bbox 904 593 1014 638; x_wconf 84' lang='lat' dir='ltr'><strong>edit.</strong></span> <span class='ocrx_word' id='word_1_31' title='bbox 1051 592 1246 638; x_wconf 92' lang='lat' dir='ltr'><strong>duodec.</strong></span> <span class='ocrx_word' id='word_1_32' title='bbox 1282 597 1418 637; x_wconf 84' lang='lat' dir='ltr'><strong>oratt.</strong></span> <span class='ocrx_word' id='word_1_33' title='bbox 1453 606 1499 651; x_wconf 89' lang='lat' dir='ltr'><strong>p.</strong></span> <span class='ocrx_word' id='word_1_34' title='bbox 1527 590 1653 648; x_wconf 89' lang='lat' dir='ltr'>XV.)</span> <span class='ocrx_word' id='word_1_35' title='bbox 1676 589 1720 653; x_wconf 82' lang='lat'><strong>²)</strong></span> 
     </span>
    </p>

    <p class='ocr_par' dir='ltr' id='par_1_4' title="bbox 250 678 2345 2615">
     <span class='ocr_line' id='line_1_6' title="bbox 424 678 2340 743; baseline -0.001 -11"><span class='ocrx_word' id='word_1_36' title='bbox 424 687 543 732; x_wconf 88' lang='lat' dir='ltr'><strong>Mox</strong></span> <span class='ocrx_word' id='word_1_37' title='bbox 576 688 625 733; x_wconf 87' lang='lat' dir='ltr'><strong>in</strong></span> <span class='ocrx_word' id='word_1_38' title='bbox 658 686 824 730; x_wconf 89' lang='lat' dir='ltr'><strong>eodem</strong></span> <span class='ocrx_word' id='word_1_39' title='bbox 859 685 1016 743; x_wconf 87' lang='lat' dir='ltr'><strong>capite</strong></span> <span class='ocrx_word' id='word_1_40' title='bbox 1051 680 1089 743; x_wconf 72' lang='lat'><strong>§⁴</strong></span> <span class='ocrx_word' id='word_1_41' title='bbox 1122 684 1185 734; x_wconf 84' lang='lat'><strong>46</strong></span> <span class='ocrx_word' id='word_1_42' title='bbox 1234 678 1582 743; x_wconf 82' lang='lat' dir='ltr'><strong>(relinquenda</strong></span> <span class='ocrx_word' id='word_1_43' title='bbox 1612 681 1779 727; x_wconf 77' lang='lat' dir='ltr'><strong>studia</strong></span> <span class='ocrx_word' id='word_1_44' title='bbox 1813 682 2165 739; x_wconf 72' lang='lat' dir='ltr'><em>delectationis,</em></span> <span class='ocrx_word' id='word_1_45' title='bbox 2206 684 2340 731; x_wconf 80' lang='lat' dir='ltr'><strong>iudi-</strong></span> 
     </span>
     <span class='ocr_line' id='line_1_7' title="bbox 252 770 2337 835; baseline -0.001 -12"><span class='ocrx_word' id='word_1_46' title='bbox 252 792 360 835; x_wconf 78' lang='lat' dir='ltr'><strong>ces3</strong></span> <span class='ocrx_word' id='word_1_47' title='bbox 402 774 727 829; x_wconf 43' lang='lat' dir='ltr'><strong>ludussiocus</strong></span> <span class='ocrx_word' id='word_1_48' title='bbox 754 770 864 834; x_wconf 89' lang='lat' dir='ltr'><strong>etc.)</strong></span> <span class='ocrx_word' id='word_1_49' title='bbox 900 774 1040 819; x_wconf 87' lang='lat' dir='ltr'><strong>nimis</strong></span> <span class='ocrx_word' id='word_1_50' title='bbox 1075 773 1311 832; x_wconf 82' lang='lat' dir='ltr'><strong>patienter</strong></span> <span class='ocrx_word' id='word_1_51' title='bbox 1344 777 1656 832; x_wconf 79' lang='lat' dir='ltr'><strong>propagatum</strong></span> <span class='ocrx_word' id='word_1_52' title='bbox 1692 778 1765 817; x_wconf 82' lang='lat' dir='ltr'><strong>est</strong></span> <span class='ocrx_word' id='word_1_53' title='bbox 1797 779 1963 817; x_wconf 82' lang='lat' dir='ltr'><strong>contra</strong></span> <span class='ocrx_word' id='word_1_54' title='bbox 1998 775 2133 820; x_wconf 85' lang='lat' dir='ltr'>codd.</span> <span class='ocrx_word' id='word_1_55' title='bbox 2168 783 2217 820; x_wconf 91' lang='lat' dir='ltr'><strong>et</strong></span> <span class='ocrx_word' id='word_1_56' title='bbox 2249 770 2337 822; x_wconf 84' lang='lat' dir='ltr'><strong>ve-</strong></span> 
     </span>
     <span class='ocr_line' id='line_1_8' title="bbox 251 860 2336 913; baseline -0.002 0"><span class='ocrx_word' id='word_1_57' title='bbox 251 876 405 913; x_wconf 86' lang='lat' dir='ltr'><strong>terum</strong></span> <span class='ocrx_word' id='word_1_58' title='bbox 451 866 555 910; x_wconf 88' lang='lat' dir='ltr'><strong>edd.</strong></span> <span class='ocrx_word' id='word_1_59' title='bbox 597 864 739 909; x_wconf 87' lang='lat' dir='ltr'><strong>fidem</strong></span> <span class='ocrx_word' id='word_1_60' title='bbox 796 861 1079 910; x_wconf 85' lang='lat' dir='ltr'><strong>vocabulum</strong></span> <span class='ocrx_word' id='word_1_61' title='bbox 1133 860 1328 906; x_wconf 75' lang='lat' dir='ltr'><strong>iudices.</strong></span> <span class='ocrx_word' id='word_1_62' title='bbox 1417 860 1471 907; x_wconf 90' lang='lat' dir='ltr'><strong>In</strong></span> <span class='ocrx_word' id='word_1_63' title='bbox 1526 860 1615 907; x_wconf 88' lang='lat' dir='ltr'><strong>hac</strong></span> <span class='ocrx_word' id='word_1_64' title='bbox 1659 860 1929 908; x_wconf 74' lang='lat' dir='ltr'><strong>vehementi</strong></span> <span class='ocrx_word' id='word_1_65' title='bbox 1979 865 2336 910; x_wconf 81' lang='lat' dir='ltr'><strong>enumeratione</strong></span> 
     </span>
     <span class='ocr_line' id='line_1_9' title="bbox 254 948 2340 1013; baseline -0.001 -12"><span class='ocrx_word' id='word_1_66' title='bbox 254 954 555 1013; x_wconf 72' lang='lat' dir='ltr'><strong>(obterendae</strong></span> <span class='ocrx_word' id='word_1_67' title='bbox 583 959 697 998; x_wconf 81' lang='lat' dir='ltr'><strong>sant</strong></span> <span class='ocrx_word' id='word_1_68' title='bbox 715 977 781 987; x_wconf 88' lang='lat'>—</span> <span class='ocrx_word' id='word_1_69' title='bbox 813 949 1136 1013; x_wconf 79' lang='lat' dir='ltr'><strong>relinquenda</strong></span> <span class='ocrx_word' id='word_1_70' title='bbox 1158 973 1223 983; x_wconf 88' lang='lat'><strong>—-</strong></span> <span class='ocrx_word' id='word_1_71' title='bbox 1253 948 1574 1013; x_wconf 69' lang='lat' dir='ltr'><strong>deserendus)</strong></span> <span class='ocrx_word' id='word_1_72' title='bbox 1610 950 2041 997; x_wconf 84' lang='lat' dir='ltr'><strong>incommodissime</strong></span> <span class='ocrx_word' id='word_1_73' title='bbox 2069 953 2340 1012; x_wconf 86' lang='lat' dir='ltr'><strong>interponi-</strong></span> 
     </span>
     <span class='ocr_line' id='line_1_10' title="bbox 253 1037 2338 1104; baseline -0.001 -15"><span class='ocrx_word' id='word_1_74' title='bbox 253 1053 332 1089; x_wconf 85' lang='lat' dir='ltr'><strong>tur</strong></span> <span class='ocrx_word' id='word_1_75' title='bbox 362 1046 574 1089; x_wconf 86' lang='lat' dir='ltr'><strong>iudicum</strong></span> <span class='ocrx_word' id='word_1_76' title='bbox 608 1041 890 1102; x_wconf 82' lang='lat' dir='ltr'><strong>appellatio,</strong></span> <span class='ocrx_word' id='word_1_77' title='bbox 933 1042 982 1084; x_wconf 91' lang='lat' dir='ltr'><strong>in</strong></span> <span class='ocrx_word' id='word_1_78' title='bbox 1016 1039 1172 1083; x_wconf 89' lang='lat' dir='ltr'><strong>medio</strong></span> <span class='ocrx_word' id='word_1_79' title='bbox 1216 1039 1482 1099; x_wconf 69' lang='lat' dir='ltr'><strong>praesertim</strong></span> <span class='ocrx_word' id='word_1_80' title='bbox 1518 1037 1636 1084; x_wconf 91' lang='lat' dir='ltr'><strong>colo.</strong></span> <span class='ocrx_word' id='word_1_81' title='bbox 1701 1037 1933 1086; x_wconf 88' lang='lat' dir='ltr'><strong>Auctores</strong></span> <span class='ocrx_word' id='word_1_82' title='bbox 1967 1039 2216 1102; x_wconf 78' lang='lat' dir='ltr'><strong>Gruterus,</strong></span> <span class='ocrx_word' id='word_1_83' title='bbox 2254 1043 2338 1104; x_wconf 89' lang='lat' dir='ltr'><strong>qui</strong></span> 
     </span>
     <span class='ocr_line' id='line_1_11' title="bbox 254 1127 2338 1190; baseline -0.001 -11"><span class='ocrx_word' id='word_1_84' title='bbox 254 1135 461 1190; x_wconf 83' lang='lat' dir='ltr'><strong>addidit,</strong></span> <span class='ocrx_word' id='word_1_85' title='bbox 505 1135 620 1177; x_wconf 87' lang='lat' dir='ltr'><strong>citat</strong></span> <span class='ocrx_word' id='word_1_86' title='bbox 654 1133 757 1176; x_wconf 91' lang='lat' dir='ltr'><strong>cod.</strong></span> <span class='ocrx_word' id='word_1_87' title='bbox 793 1131 1058 1175; x_wconf 89' lang='lat' dir='ltr'><strong>Palatinum</strong></span> <span class='ocrx_word' id='word_1_88' title='bbox 1093 1144 1273 1173; x_wconf 89' lang='lat' dir='ltr'><strong>nonum</strong></span> <span class='ocrx_word' id='word_1_89' title='bbox 1308 1134 1365 1172; x_wconf 76' lang='lat' dir='ltr'><strong>et</strong></span> <span class='ocrx_word' id='word_1_90' title='bbox 1388 1127 1734 1174; x_wconf 69' lang='lat' dir='ltr'><strong>Erfurtensem.</strong></span> <span class='ocrx_word' id='word_1_91' title='bbox 1818 1127 1999 1175; x_wconf 86' lang='lat' dir='ltr'><strong>Verum</strong></span> <span class='ocrx_word' id='word_1_92' title='bbox 2035 1131 2083 1176; x_wconf 88' lang='lat' dir='ltr'><strong>in</strong></span> <span class='ocrx_word' id='word_1_93' title='bbox 2119 1129 2210 1175; x_wconf 86' lang='lat' dir='ltr'><strong>hoc</strong></span> <span class='ocrx_word' id='word_1_94' title='bbox 2243 1137 2338 1176; x_wconf 82' lang='lat' dir='ltr'><strong>est:</strong></span> 
     </span>
     <span class='ocr_line' id='line_1_12' title="bbox 253 1215 2341 1280; baseline -0.002 -10"><span class='ocrx_word' id='word_1_95' title='bbox 253 1223 423 1270; x_wconf 81' lang='lat' dir='ltr'><strong>studia</strong></span> <span class='ocrx_word' id='word_1_96' title='bbox 452 1220 795 1267; x_wconf 77' lang='lat' dir='ltr'><strong>delectationes</strong></span> <span class='ocrx_word' id='word_1_97' title='bbox 830 1218 1013 1264; x_wconf 83' lang='lat' dir='ltr'><strong>iudices</strong></span> <span class='ocrx_word' id='word_1_98' title='bbox 1047 1216 1196 1276; x_wconf 83' lang='lat' dir='ltr'><strong>Iocus,</strong></span> <span class='ocrx_word' id='word_1_99' title='bbox 1230 1215 1511 1264; x_wconf 81' lang='lat' dir='ltr'><strong>vocabulum</strong></span> <span class='ocrx_word' id='word_1_100' title='bbox 1546 1215 1704 1263; x_wconf 80' lang='lat' dir='ltr'><strong>ludus·</strong></span> <span class='ocrx_word' id='word_1_101' title='bbox 1726 1220 1973 1276; x_wconf 81' lang='lat' dir='ltr'><strong>omittitur,</strong></span> <span class='ocrx_word' id='word_1_102' title='bbox 2017 1227 2072 1265; x_wconf 88' lang='lat' dir='ltr'><strong>ut</strong></span> <span class='ocrx_word' id='word_1_103' title='bbox 2102 1229 2341 1280; x_wconf 76' lang='lat' dir='ltr'><strong>appareat,</strong></span> 
     </span>
     <span class='ocr_line' id='line_1_13' title="bbox 256 1305 2342 1370; baseline -0.003 -10"><span class='ocrx_word' id='word_1_104' title='bbox 256 1314 455 1362; x_wconf 86' lang='lat' dir='ltr'><strong>evanida</strong></span> <span class='ocrx_word' id='word_1_105' title='bbox 488 1327 632 1358; x_wconf 85' lang='lat' dir='ltr'><strong>curva</strong></span> <span class='ocrx_word' id='word_1_106' title='bbox 666 1307 850 1368; x_wconf 89' lang='lat' dir='ltr'><strong>lineola,</strong></span> <span class='ocrx_word' id='word_1_107' title='bbox 898 1324 989 1370; x_wconf 84' lang='lat' dir='ltr'><strong>qua</strong></span> <span class='ocrx_word' id='word_1_108' title='bbox 1022 1322 1081 1353; x_wconf 84' lang='lat' dir='ltr'><strong>us</strong></span> <span class='ocrx_word' id='word_1_109' title='bbox 1119 1306 1301 1368; x_wconf 85' lang='lat' dir='ltr'><strong>syllaba</strong></span> <span class='ocrx_word' id='word_1_110' title='bbox 1332 1312 1539 1365; x_wconf 85' lang='lat' dir='ltr'><strong>notatur,</strong></span> <span class='ocrx_word' id='word_1_111' title='bbox 1570 1305 1731 1354; x_wconf 79' lang='lat' dir='ltr'><strong>literas</strong></span> <span class='ocrx_word' id='word_1_112' title='bbox 1762 1306 1852 1354; x_wconf 82' lang='lat' dir='ltr'><strong>lud</strong></span> <span class='ocrx_word' id='word_1_113' title='bbox 1883 1311 2106 1356; x_wconf 83' lang='lat' dir='ltr'><strong>transisse</strong></span> <span class='ocrx_word' id='word_1_114' title='bbox 2138 1312 2188 1356; x_wconf 86' lang='lat' dir='ltr'><strong>in</strong></span> <span class='ocrx_word' id='word_1_115' title='bbox 2221 1310 2342 1367; x_wconf 65' lang='lat' dir='ltr'><strong>iud„-</strong></span> 
     </span>
     <span class='ocr_line' id='line_1_14' title="bbox 253 1395 2341 1459; baseline -0.002 -10"><span class='ocrx_word' id='word_1_116' title='bbox 253 1406 322 1450; x_wconf 89' lang='lat' dir='ltr'><strong>sic</strong></span> <span class='ocrx_word' id='word_1_117' title='bbox 357 1404 483 1448; x_wconf 90' lang='lat' dir='ltr'><strong>enim</strong></span> <span class='ocrx_word' id='word_1_118' title='bbox 518 1400 739 1446; x_wconf 84' lang='lat' dir='ltr'><strong>scribitur</strong></span> <span class='ocrx_word' id='word_1_119' title='bbox 768 1401 817 1444; x_wconf 89' lang='lat' dir='ltr'><strong>in</strong></span> <span class='ocrx_word' id='word_1_120' title='bbox 853 1399 988 1443; x_wconf 89' lang='lat' dir='ltr'><strong>codd.</strong></span> <span class='ocrx_word' id='word_1_121' title='bbox 1064 1397 1157 1442; x_wconf 89' lang='lat' dir='ltr'><strong>Sed</strong></span> <span class='ocrx_word' id='word_1_122' title='bbox 1191 1396 1283 1442; x_wconf 89' lang='lat' dir='ltr'><strong>hoc</strong></span> <span class='ocrx_word' id='word_1_123' title='bbox 1315 1395 1427 1444; x_wconf 90' lang='lat' dir='ltr'><strong>leve.</strong></span> <span class='ocrx_word' id='word_1_124' title='bbox 1509 1396 1732 1458; x_wconf 86' lang='lat' dir='ltr'><strong>Sequitur</strong></span> <span class='ocrx_word' id='word_1_125' title='bbox 1760 1397 1891 1444; x_wconf 89' lang='lat' dir='ltr'><strong>locus</strong></span> <span class='ocrx_word' id='word_1_126' title='bbox 1925 1401 2198 1459; x_wconf 82' lang='lat' dir='ltr'><strong>gravissime</strong></span> <span class='ocrx_word' id='word_1_127' title='bbox 2227 1416 2341 1445; x_wconf 91' lang='lat' dir='ltr'><strong>cor-</strong></span> 
     </span>
     <span class='ocr_line' id='line_1_15' title="bbox 257 1485 2341 1553; baseline -0.002 -15"><span class='ocrx_word' id='word_1_128' title='bbox 257 1499 442 1553; x_wconf 75' lang='lat' dir='ltr'><strong>ruptuS,</strong></span> <span class='ocrx_word' id='word_1_129' title='bbox 477 1492 556 1551; x_wconf 92' lang='lat' dir='ltr'><strong>qui</strong></span> <span class='ocrx_word' id='word_1_130' title='bbox 582 1491 648 1534; x_wconf 88' lang='lat' dir='ltr'><strong>sic</strong></span> <span class='ocrx_word' id='word_1_131' title='bbox 683 1489 860 1533; x_wconf 85' lang='lat' dir='ltr'><strong>editur:</strong></span> <span class='ocrx_word' id='word_1_132' title='bbox 910 1486 1033 1543; x_wconf 79' lang='lat' dir='ltr'><strong>Quoe</strong></span> <span class='ocrx_word' id='word_1_133' title='bbox 1064 1501 1142 1530; x_wconf 85' lang='lat' dir='ltr'><strong>res</strong></span> <span class='ocrx_word' id='word_1_134' title='bbox 1169 1485 1221 1530; x_wconf 88' lang='lat' dir='ltr'><strong>in</strong></span> <span class='ocrx_word' id='word_1_135' title='bbox 1253 1485 1343 1530; x_wconf 75' lang='lat' dir='ltr'><strong>hoc</strong></span> <span class='ocrx_word' id='word_1_136' title='bbox 1371 1499 1554 1547; x_wconf 81' lang='lat' dir='ltr'><strong>genere</strong></span> <span class='ocrx_word' id='word_1_137' title='bbox 1582 1486 1803 1532; x_wconf 77' lang='lat' dir='ltr'><strong>homines</strong></span> <span class='ocrx_word' id='word_1_138' title='bbox 1830 1502 1863 1531; x_wconf 83' lang='lat' dir='ltr'><strong><em>a</em></strong></span> <span class='ocrx_word' id='word_1_139' title='bbox 1888 1486 2054 1532; x_wconf 82' lang='lat' dir='ltr'><strong>labore</strong></span> <span class='ocrx_word' id='word_1_140' title='bbox 2084 1488 2341 1550; x_wconf 76' lang='lat' dir='ltr'><strong>studioque</strong></span> 
     </span>
     <span class='ocr_line' id='line_1_16' title="bbox 255 1573 2342 1638; baseline -0.002 -11"><span class='ocrx_word' id='word_1_141' title='bbox 255 1580 452 1627; x_wconf 82' lang='lat' dir='ltr'><strong>dicendi</strong></span> <span class='ocrx_word' id='word_1_142' title='bbox 484 1580 711 1631; x_wconf 82' lang='lat' dir='ltr'><strong>deterret,</strong></span> <span class='ocrx_word' id='word_1_143' title='bbox 759 1592 858 1622; x_wconf 85' lang='lat' dir='ltr'><strong>non</strong></span> <span class='ocrx_word' id='word_1_144' title='bbox 893 1592 987 1638; x_wconf 82' lang='lat' dir='ltr'><strong>quo</strong></span> <span class='ocrx_word' id='word_1_145' title='bbox 1023 1583 1112 1620; x_wconf 81' lang='lat' dir='ltr'><strong>aut</strong></span> <span class='ocrx_word' id='word_1_146' title='bbox 1147 1574 1344 1636; x_wconf 81' lang='lat' dir='ltr'><strong>ingenia</strong></span> <span class='ocrx_word' id='word_1_147' title='bbox 1379 1573 1615 1633; x_wconf 79' lang='lat' dir='ltr'><strong>deficiant</strong></span> <span class='ocrx_word' id='word_1_148' title='bbox 1640 1582 1730 1620; x_wconf 83' lang='lat' dir='ltr'><strong>aut</strong></span> <span class='ocrx_word' id='word_1_149' title='bbox 1760 1575 1986 1621; x_wconf 82' lang='lat' dir='ltr'><strong>doctrina</strong></span> <span class='ocrx_word' id='word_1_150' title='bbox 2011 1577 2250 1638; x_wconf 82' lang='lat' dir='ltr'><strong>puerilis,</strong></span> <span class='ocrx_word' id='word_1_151' title='bbox 2291 1585 2342 1623; x_wconf 81' lang='lat' dir='ltr'><strong>et</strong></span> 
     </span>
     <span class='ocr_line' id='line_1_17' title="bbox 250 1665 2340 1731; baseline -0.002 -14"><span class='ocrx_word' id='word_1_152' title='bbox 250 1672 525 1731; x_wconf 82' lang='lat' dir='ltr'><strong>longissime</strong></span> <span class='ocrx_word' id='word_1_153' title='bbox 559 1685 586 1713; x_wconf 89' lang='lat' dir='ltr'><strong>a</strong></span> <span class='ocrx_word' id='word_1_154' title='bbox 618 1669 834 1713; x_wconf 90' lang='lat' dir='ltr'><strong>codicum</strong></span> <span class='ocrx_word' id='word_1_155' title='bbox 866 1667 1072 1726; x_wconf 83' lang='lat' dir='ltr'><strong>vestigiis</strong></span> <span class='ocrx_word' id='word_1_156' title='bbox 1107 1671 1154 1708; x_wconf 90' lang='lat' dir='ltr'><strong>et</strong></span> <span class='ocrx_word' id='word_1_157' title='bbox 1187 1665 1305 1708; x_wconf 82' lang='lat' dir='ltr'><strong>adeo</strong></span> <span class='ocrx_word' id='word_1_158' title='bbox 1331 1678 1557 1722; x_wconf 85' lang='lat' dir='ltr'><strong>perversa</strong></span> <span class='ocrx_word' id='word_1_159' title='bbox 1580 1666 1827 1722; x_wconf 83' lang='lat' dir='ltr'><strong>sententia,</strong></span> <span class='ocrx_word' id='word_1_160' title='bbox 1861 1672 1914 1710; x_wconf 89' lang='lat' dir='ltr'><strong>ut</strong></span> <span class='ocrx_word' id='word_1_161' title='bbox 1943 1665 2079 1711; x_wconf 86' lang='lat' dir='ltr'><strong>labor</strong></span> <span class='ocrx_word' id='word_1_162' title='bbox 2097 1667 2340 1713; x_wconf 80' lang='lat' dir='ltr'><strong>molestia-</strong></span> 
     </span>
     <span class='ocr_line' id='line_1_18' title="bbox 257 1750 2338 1824; baseline -0.001 -18"><span class='ocrx_word' id='word_1_163' title='bbox 257 1776 350 1824; x_wconf 90' lang='lat' dir='ltr'><strong>que</strong></span> <span class='ocrx_word' id='word_1_164' title='bbox 386 1757 538 1817; x_wconf 76' lang='lat' dir='ltr'><strong>(Qaae</strong></span> <span class='ocrx_word' id='word_1_165' title='bbox 564 1759 665 1820; x_wconf 86' lang='lat' dir='ltr'><strong>res)</strong></span> <span class='ocrx_word' id='word_1_166' title='bbox 703 1771 731 1801; x_wconf 84' lang='lat' dir='ltr'><strong>a</strong></span> <span class='ocrx_word' id='word_1_167' title='bbox 762 1754 928 1801; x_wconf 89' lang='lat' dir='ltr'><strong>labore</strong></span> <span class='ocrx_word' id='word_1_168' title='bbox 958 1754 1198 1801; x_wconf 87' lang='lat' dir='ltr'><strong>deterrere</strong></span> <span class='ocrx_word' id='word_1_169' title='bbox 1230 1753 1416 1798; x_wconf 88' lang='lat' dir='ltr'><strong>dicatur</strong></span> <span class='ocrx_word' id='word_1_170' title='bbox 1448 1750 1555 1813; x_wconf 90' lang='lat' dir='ltr'><strong>(etsi</strong></span> <span class='ocrx_word' id='word_1_171' title='bbox 1583 1754 1740 1812; x_wconf 85' lang='lat' dir='ltr'><strong>ipsum</strong></span> <span class='ocrx_word' id='word_1_172' title='bbox 1773 1753 1891 1800; x_wconf 84' lang='lat' dir='ltr'><strong>illud</strong></span> <span class='ocrx_word' id='word_1_173' title='bbox 1923 1771 2034 1815; x_wconf 78' lang='lat' dir='ltr'><strong>quoe</strong></span> <span class='ocrx_word' id='word_1_174' title='bbox 2059 1771 2140 1802; x_wconf 82' lang='lat' dir='ltr'><strong>res</strong></span> <span class='ocrx_word' id='word_1_175' title='bbox 2170 1760 2338 1818; x_wconf 75' lang='lat' dir='ltr'><strong>singu-—</strong></span> 
     </span>
     <span class='ocr_line' id='line_1_19' title="bbox 254 1840 2341 1905; baseline -0 -11"><span class='ocrx_word' id='word_1_176' title='bbox 254 1851 346 1896; x_wconf 87' lang='lat' dir='ltr'><strong>lari</strong></span> <span class='ocrx_word' id='word_1_177' title='bbox 389 1861 590 1893; x_wconf 87' lang='lat' dir='ltr'><strong>numero</strong></span> <span class='ocrx_word' id='word_1_178' title='bbox 635 1845 881 1905; x_wconf 87' lang='lat' dir='ltr'><strong>superiora</strong></span> <span class='ocrx_word' id='word_1_179' title='bbox 914 1842 994 1889; x_wconf 85' lang='lat' dir='ltr'><strong>illa</strong></span> <span class='ocrx_word' id='word_1_180' title='bbox 1039 1843 1197 1888; x_wconf 83' lang='lat' dir='ltr'><strong>omnia</strong></span> <span class='ocrx_word' id='word_1_181' title='bbox 1239 1840 1488 1901; x_wconf 85' lang='lat' dir='ltr'><strong>complecti</strong></span> <span class='ocrx_word' id='word_1_182' title='bbox 1530 1857 1627 1888; x_wconf 82' lang='lat' dir='ltr'><strong>non</strong></span> <span class='ocrx_word' id='word_1_183' title='bbox 1669 1843 1847 1904; x_wconf 88' lang='lat' dir='ltr'><strong>potest)</strong></span> <span class='ocrx_word' id='word_1_184' title='bbox 1864 1843 1912 1905; x_wconf 84' lang='lat'><strong>²)</strong></span> <span class='ocrx_word' id='word_1_185' title='bbox 1955 1853 2004 1891; x_wconf 89' lang='lat' dir='ltr'><strong>et</strong></span> <span class='ocrx_word' id='word_1_186' title='bbox 2046 1845 2098 1892; x_wconf 84' lang='lat' dir='ltr'><strong>in</strong></span> <span class='ocrx_word' id='word_1_187' title='bbox 2135 1847 2341 1893; x_wconf 67' lang='lat' dir='ltr'><strong>dicendo</strong></span> 
     </span>
     <span class='ocr_line' id='line_1_20' title="bbox 260 1930 2344 1996; baseline -0.001 -13"><span class='ocrx_word' id='word_1_188' title='bbox 260 1937 336 1995; x_wconf 85' lang='lat' dir='ltr'><strong>(in</strong></span> <span class='ocrx_word' id='word_1_189' title='bbox 369 1936 460 1981; x_wconf 76' lang='lat' dir='ltr'><strong>hoc</strong></span> <span class='ocrx_word' id='word_1_190' title='bbox 484 1937 688 1996; x_wconf 85' lang='lat' dir='ltr'><strong>genere)</strong></span> <span class='ocrx_word' id='word_1_191' title='bbox 730 1949 758 1977; x_wconf 85' lang='lat' dir='ltr'><strong>a</strong></span> <span class='ocrx_word' id='word_1_192' title='bbox 791 1933 949 1977; x_wconf 81' lang='lat' dir='ltr'><strong>studio</strong></span> <span class='ocrx_word' id='word_1_193' title='bbox 984 1930 1179 1975; x_wconf 77' lang='lat' dir='ltr'><strong>dicendi</strong></span> <span class='ocrx_word' id='word_1_194' title='bbox 1211 1932 1466 1975; x_wconf 86' lang='lat' dir='ltr'><strong>deterrere.</strong></span> <span class='ocrx_word' id='word_1_195' title='bbox 1542 1930 1673 1990; x_wconf 87' lang='lat' dir='ltr'><strong>Quid</strong></span> <span class='ocrx_word' id='word_1_196' title='bbox 1707 1933 1882 1979; x_wconf 76' lang='lat' dir='ltr'><strong>dixerit</strong></span> <span class='ocrx_word' id='word_1_197' title='bbox 1913 1934 2093 1995; x_wconf 83' lang='lat' dir='ltr'><strong>Cicero,</strong></span> <span class='ocrx_word' id='word_1_198' title='bbox 2121 1938 2236 1983; x_wconf 85' lang='lat' dir='ltr'><strong>satis</strong></span> <span class='ocrx_word' id='word_1_199' title='bbox 2270 1943 2344 1982; x_wconf 79' lang='lat' dir='ltr'><strong>est</strong></span> 
     </span>
     <span class='ocr_line' id='line_1_21' title="bbox 258 2018 2341 2088; baseline -0.001 -15"><span class='ocrx_word' id='word_1_200' title='bbox 258 2034 503 2088; x_wconf 73' lang='lat' dir='ltr'><strong>apertum,</strong></span> <span class='ocrx_word' id='word_1_201' title='bbox 530 2037 657 2069; x_wconf 76' lang='lat' dir='ltr'><strong>&#39;nam</strong></span> <span class='ocrx_word' id='word_1_202' title='bbox 693 2027 1065 2066; x_wconf 88' lang='lat' dir='ltr'><strong>commemorato</strong></span> <span class='ocrx_word' id='word_1_203' title='bbox 1098 2020 1315 2079; x_wconf 81' lang='lat' dir='ltr'><strong>proxime</strong></span> <span class='ocrx_word' id='word_1_204' title='bbox 1340 2025 1583 2065; x_wconf 86' lang='lat' dir='ltr'><strong>oratorum</strong></span> <span class='ocrx_word' id='word_1_205' title='bbox 1609 2018 1978 2069; x_wconf 83' lang='lat' dir='ltr'><strong>laboriosissimo</strong></span> <span class='ocrx_word' id='word_1_206' title='bbox 2011 2026 2121 2071; x_wconf 75' lang='lat' dir='ltr'><strong>vitae</strong></span> <span class='ocrx_word' id='word_1_207' title='bbox 2153 2040 2341 2086; x_wconf 86' lang='lat' dir='ltr'><strong>genere,</strong></span> 
     </span>
     <span class='ocr_line' id='line_1_22' title="bbox 256 2108 2339 2172; baseline -0 -11"><span class='ocrx_word' id='word_1_208' title='bbox 256 2115 519 2169; x_wconf 86' lang='lat' dir='ltr'><strong>concludit,</strong></span> <span class='ocrx_word' id='word_1_209' title='bbox 562 2118 757 2169; x_wconf 89' lang='lat' dir='ltr'><strong>propter</strong></span> <span class='ocrx_word' id='word_1_210' title='bbox 789 2110 930 2153; x_wconf 87' lang='lat' dir='ltr'><strong>huius</strong></span> <span class='ocrx_word' id='word_1_211' title='bbox 967 2109 1140 2153; x_wconf 82' lang='lat' dir='ltr'><strong>laboris</strong></span> <span class='ocrx_word' id='word_1_212' title='bbox 1173 2108 1358 2168; x_wconf 84' lang='lat' dir='ltr'><strong>fugam,</strong></span> <span class='ocrx_word' id='word_1_213' title='bbox 1401 2124 1500 2153; x_wconf 88' lang='lat' dir='ltr'><strong>non</strong></span> <span class='ocrx_word' id='word_1_214' title='bbox 1532 2116 1729 2169; x_wconf 76' lang='lat' dir='ltr'><strong>propter</strong></span> <span class='ocrx_word' id='word_1_215' title='bbox 1757 2111 1935 2171; x_wconf 87' lang='lat' dir='ltr'><strong>ingenii</strong></span> <span class='ocrx_word' id='word_1_216' title='bbox 1966 2113 2198 2172; x_wconf 82' lang='lat' dir='ltr'><strong>inopiam,</strong></span> <span class='ocrx_word' id='word_1_217' title='bbox 2242 2119 2339 2160; x_wconf 81' lang='lat' dir='ltr'><strong>tam</strong></span> 
     </span>
     <span class='ocr_line' id='line_1_23' title="bbox 254 2199 2345 2264; baseline 0 -14"><span class='ocrx_word' id='word_1_218' title='bbox 254 2220 436 2264; x_wconf 86' lang='lat' dir='ltr'><strong>paucos</strong></span> <span class='ocrx_word' id='word_1_219' title='bbox 464 2201 681 2246; x_wconf 77' lang='lat' dir='ltr'><strong>oratoriae</strong></span> <span class='ocrx_word' id='word_1_220' title='bbox 717 2200 809 2243; x_wconf 77' lang='lat' dir='ltr'><strong>arti</strong></span> <span class='ocrx_word' id='word_1_221' title='bbox 845 2213 1037 2256; x_wconf 88' lang='lat' dir='ltr'><strong>operam</strong></span> <span class='ocrx_word' id='word_1_222' title='bbox 1072 2199 1209 2256; x_wconf 74' lang='lat' dir='ltr'><strong>dare,</strong></span> <span class='ocrx_word' id='word_1_223' title='bbox 1267 2199 1445 2258; x_wconf 83' lang='lat' dir='ltr'><strong>(itaque</strong></span> <span class='ocrx_word' id='word_1_224' title='bbox 1478 2199 1528 2242; x_wconf 90' lang='lat' dir='ltr'><strong>id</strong></span> <span class='ocrx_word' id='word_1_225' title='bbox 1564 2201 1644 2258; x_wconf 88' lang='lat' dir='ltr'><strong>qui</strong></span> <span class='ocrx_word' id='word_1_226' title='bbox 1671 2199 1839 2257; x_wconf 77' lang='lat' dir='ltr'><strong>faciat,</strong></span> <span class='ocrx_word' id='word_1_227' title='bbox 1884 2209 1939 2244; x_wconf 85' lang='lat' dir='ltr'><strong>ut</strong></span> <span class='ocrx_word' id='word_1_228' title='bbox 1967 2201 2153 2246; x_wconf 83' lang='lat' dir='ltr'><strong>Caelius</strong></span> <span class='ocrx_word' id='word_1_229' title='bbox 2183 2202 2345 2263; x_wconf 84' lang='lat' dir='ltr'><strong>faciat,</strong></span> 
     </span>
     <span class='ocr_line' id='line_1_24' title="bbox 256 2285 2338 2351; baseline -0 -13"><span class='ocrx_word' id='word_1_230' title='bbox 256 2309 354 2339; x_wconf 92' lang='lat' dir='ltr'><strong>non</strong></span> <span class='ocrx_word' id='word_1_231' title='bbox 387 2306 527 2351; x_wconf 86' lang='lat' dir='ltr'><strong>posse</strong></span> <span class='ocrx_word' id='word_1_232' title='bbox 558 2289 856 2334; x_wconf 86' lang='lat' dir='ltr'><strong>luxuriosum</strong></span> <span class='ocrx_word' id='word_1_233' title='bbox 889 2285 1025 2348; x_wconf 85' lang='lat' dir='ltr'><strong>esse).</strong></span> <span class='ocrx_word' id='word_1_234' title='bbox 1100 2286 1192 2331; x_wconf 92' lang='lat' dir='ltr'><strong>Sed</strong></span> <span class='ocrx_word' id='word_1_235' title='bbox 1229 2288 1445 2331; x_wconf 85' lang='lat' dir='ltr'><strong>codicum</strong></span> <span class='ocrx_word' id='word_1_236' title='bbox 1477 2289 1821 2333; x_wconf 81' lang='lat' dir='ltr'><strong>vetustissimus</strong></span> <span class='ocrx_word' id='word_1_237' title='bbox 1855 2303 1965 2332; x_wconf 88' lang='lat' dir='ltr'><strong>cum</strong></span> <span class='ocrx_word' id='word_1_238' title='bbox 1994 2289 2338 2339; x_wconf 81' lang='lat' dir='ltr'><strong>Bernensibus:</strong></span> 
     </span>
     <span class='ocr_line' id='line_1_25' title="bbox 262 2371 2339 2438; baseline 0.001 -12"><span class='ocrx_word' id='word_1_239' title='bbox 262 2380 429 2438; x_wconf 82' lang='lat' dir='ltr'><strong>Quare</strong></span> <span class='ocrx_word' id='word_1_240' title='bbox 461 2378 512 2424; x_wconf 84' lang='lat' dir='ltr'><strong>in</strong></span> <span class='ocrx_word' id='word_1_241' title='bbox 545 2376 636 2423; x_wconf 78' lang='lat' dir='ltr'><strong>hoc</strong></span> <span class='ocrx_word' id='word_1_242' title='bbox 660 2389 844 2437; x_wconf 82' lang='lat' dir='ltr'><strong>genere</strong></span> <span class='ocrx_word' id='word_1_243' title='bbox 871 2371 1190 2432; x_wconf 82' lang='lat' dir='ltr'><strong>laborefiendi</strong></span> <span class='ocrx_word' id='word_1_244' title='bbox 1222 2373 1440 2419; x_wconf 81' lang='lat' dir='ltr'><strong>homines</strong></span> <span class='ocrx_word' id='word_1_245' title='bbox 1474 2390 1508 2419; x_wconf 83' lang='lat' dir='ltr'><em>a</em></span> <span class='ocrx_word' id='word_1_246' title='bbox 1533 2374 1789 2435; x_wconf 74' lang='lat' dir='ltr'><strong>studioque</strong></span> <span class='ocrx_word' id='word_1_247' title='bbox 1822 2376 2034 2422; x_wconf 78' lang='lat' dir='ltr'><strong>deterret</strong></span> <span class='ocrx_word' id='word_1_248' title='bbox 2044 2394 2067 2435; x_wconf 82' lang='lat'><strong>,·</strong></span> <span class='ocrx_word' id='word_1_249' title='bbox 2107 2380 2220 2427; x_wconf 85' lang='lat' dir='ltr'><strong>hinc</strong></span> <span class='ocrx_word' id='word_1_250' title='bbox 2252 2398 2339 2428; x_wconf 90' lang='lat' dir='ltr'><strong>ce-</strong></span> 
     </span>
     <span class='ocr_line' id='line_1_26' title="bbox 256 2461 2339 2532; baseline 0 -15"><span class='ocrx_word' id='word_1_251' title='bbox 256 2481 471 2519; x_wconf 87' lang='lat' dir='ltr'><strong>terorum</strong></span> <span class='ocrx_word' id='word_1_252' title='bbox 514 2466 785 2527; x_wconf 85' lang='lat' dir='ltr'><strong>profluxere</strong></span> <span class='ocrx_word' id='word_1_253' title='bbox 826 2463 1074 2520; x_wconf 85' lang='lat' dir='ltr'><strong>lectiones,</strong></span> <span class='ocrx_word' id='word_1_254' title='bbox 1120 2478 1180 2508; x_wconf 80' lang='lat' dir='ltr'><strong>ex</strong></span> <span class='ocrx_word' id='word_1_255' title='bbox 1208 2463 1379 2524; x_wconf 88' lang='lat' dir='ltr'><strong>quibus</strong></span> <span class='ocrx_word' id='word_1_256' title='bbox 1407 2464 1458 2509; x_wconf 88' lang='lat' dir='ltr'><strong>in</strong></span> <span class='ocrx_word' id='word_1_257' title='bbox 1498 2461 1602 2509; x_wconf 84' lang='lat' dir='ltr'><strong>Erf.</strong></span> <span class='ocrx_word' id='word_1_258' title='bbox 1646 2472 1718 2510; x_wconf 81' lang='lat' dir='ltr'><strong>est</strong></span> <span class='ocrx_word' id='word_1_259' title='bbox 1750 2463 1889 2510; x_wconf 80' lang='lat' dir='ltr'><strong>labor</strong></span> <span class='ocrx_word' id='word_1_260' title='bbox 1922 2466 2207 2529; x_wconf 72' lang='lat' dir='ltr'><strong>confitendi,</strong></span> <span class='ocrx_word' id='word_1_261' title='bbox 2247 2486 2339 2532; x_wconf 89' lang='lat' dir='ltr'><strong>pro</strong></span> 
     </span>
     <span class='ocr_line' id='line_1_27' title="bbox 256 2551 2339 2615; baseline 0.001 -10"><span class='ocrx_word' id='word_1_262' title='bbox 256 2565 471 2606; x_wconf 88' lang='lat' dir='ltr'><strong>monstro</strong></span> <span class='ocrx_word' id='word_1_263' title='bbox 511 2556 593 2602; x_wconf 84' lang='lat' dir='ltr'><strong>illo</strong></span> <span class='ocrx_word' id='word_1_264' title='bbox 640 2553 819 2615; x_wconf 82' lang='lat' dir='ltr'><strong>efiendi</strong></span> <span class='ocrx_word' id='word_1_265' title='bbox 861 2553 1007 2601; x_wconf 86' lang='lat' dir='ltr'><strong>verbo</strong></span> <span class='ocrx_word' id='word_1_266' title='bbox 1050 2551 1144 2597; x_wconf 85' lang='lat' dir='ltr'><strong>alio</strong></span> <span class='ocrx_word' id='word_1_267' title='bbox 1186 2551 1384 2598; x_wconf 90' lang='lat' dir='ltr'><strong>licenter</strong></span> <span class='ocrx_word' id='word_1_268' title='bbox 1417 2552 1687 2602; x_wconf 85' lang='lat' dir='ltr'><strong>substituto.</strong></span> <span class='ocrx_word' id='word_1_269' title='bbox 1766 2555 1890 2614; x_wconf 81' lang='lat' dir='ltr'><strong>Quae</strong></span> <span class='ocrx_word' id='word_1_270' title='bbox 1937 2572 1998 2603; x_wconf 82' lang='lat' dir='ltr'><strong>ex</strong></span> <span class='ocrx_word' id='word_1_271' title='bbox 2025 2558 2099 2603; x_wconf 86' lang='lat' dir='ltr'><strong>his</strong></span> <span class='ocrx_word' id='word_1_272' title='bbox 2130 2559 2339 2608; x_wconf 83' lang='lat' dir='ltr'><strong>Orellius</strong></span> 
     </span>
    </p>
   </div>
   <div class='ocr_carea' id='block_1_4' title="bbox 258 2641 2340 2711">
    <p class='ocr_par' dir='ltr' id='par_1_5' title="bbox 258 2641 2340 2711">
     <span class='ocr_line' id='line_1_28' title="bbox 258 2641 2340 2711; baseline 0.001 -18"><span class='ocrx_word' id='word_1_273' title='bbox 258 2648 425 2707; x_wconf 84' lang='lat' dir='ltr'><strong>effecit,</strong></span> <span class='ocrx_word' id='word_1_274' title='bbox 457 2648 728 2693; x_wconf 85' lang='lat' dir='ltr'><strong>admonitus</strong></span> <span class='ocrx_word' id='word_1_275' title='bbox 760 2645 862 2704; x_wconf 86' lang='lat' dir='ltr'><strong>ipse</strong></span> <span class='ocrx_word' id='word_1_276' title='bbox 895 2641 1034 2689; x_wconf 83' lang='lat' dir='ltr'><strong>facile</strong></span> <span class='ocrx_word' id='word_1_277' title='bbox 1066 2641 1378 2702; x_wconf 84' lang='lat' dir='ltr'><strong>improbabit3</strong></span> <span class='ocrx_word' id='word_1_278' title='bbox 1411 2657 1524 2689; x_wconf 85' lang='lat' dir='ltr'><strong>nam</strong></span> <span class='ocrx_word' id='word_1_279' title='bbox 1558 2649 1607 2690; x_wconf 91' lang='lat' dir='ltr'><strong>et</strong></span> <span class='ocrx_word' id='word_1_280' title='bbox 1639 2643 1969 2692; x_wconf 79' lang='lat' dir='ltr'><strong>alienissimam</strong></span> <span class='ocrx_word' id='word_1_281' title='bbox 2002 2649 2340 2711; x_wconf 75' lang='lat' dir='ltr'><strong>interrogatio—</strong></span> 
     </span>
    </p>
   </div>
   <div class='ocr_carea' id='block_1_5' title="bbox 336 2785 2341 3075">
    <p class='ocr_par' dir='ltr' id='par_1_6' title="bbox 339 2785 2341 3016">
     <span class='ocr_line' id='line_1_29' title="bbox 339 2785 2336 2833; baseline 0.002 -12"><span class='ocrx_word' id='word_1_282' title='bbox 339 2792 376 2833; x_wconf 66' lang='grc' dir='ltr'><strong>ι)</strong></span> <span class='ocrx_word' id='word_1_283' title='bbox 419 2788 598 2823; x_wconf 83' lang='lat' dir='ltr'><strong>Caeterum</strong></span> <span class='ocrx_word' id='word_1_284' title='bbox 623 2788 684 2822; x_wconf 85' lang='lat' dir='ltr'><strong>hic</strong></span> <span class='ocrx_word' id='word_1_285' title='bbox 710 2788 815 2821; x_wconf 86' lang='lat' dir='ltr'><strong>locus</strong></span> <span class='ocrx_word' id='word_1_286' title='bbox 844 2793 975 2832; x_wconf 78' lang='lat' dir='ltr'><strong>praeter</strong></span> <span class='ocrx_word' id='word_1_287' title='bbox 998 2786 1091 2819; x_wconf 79' lang='lat' dir='ltr'><strong>alios</strong></span> <span class='ocrx_word' id='word_1_288' title='bbox 1129 2785 1223 2829; x_wconf 88' lang='lat' dir='ltr'><strong>(vid.</strong></span> <span class='ocrx_word' id='word_1_289' title='bbox 1248 2785 1368 2822; x_wconf 84' lang='lat' dir='ltr'><strong>Hand.</strong></span> <span class='ocrx_word' id='word_1_290' title='bbox 1396 2786 1558 2824; x_wconf 85' lang='lat' dir='ltr'><strong>Tursell.</strong></span> <span class='ocrx_word' id='word_1_291' title='bbox 1582 2786 1630 2823; x_wconf 83' lang='lat'><strong>11.</strong></span> <span class='ocrx_word' id='word_1_292' title='bbox 1657 2798 1693 2833; x_wconf 83' lang='lat' dir='ltr'><strong>p.</strong></span> <span class='ocrx_word' id='word_1_293' title='bbox 1719 2787 1803 2829; x_wconf 82' lang='lat'>556)</span> <span class='ocrx_word' id='word_1_294' title='bbox 1829 2799 1961 2824; x_wconf 85' lang='lat' dir='ltr'><strong>eorum</strong></span> <span class='ocrx_word' id='word_1_295' title='bbox 1984 2794 2205 2825; x_wconf 80' lang='lat' dir='ltr'><strong>sententiam</strong></span> <span class='ocrx_word' id='word_1_296' title='bbox 2231 2802 2336 2826; x_wconf 83' lang='lat' dir='ltr'><strong>ever·</strong></span> 
     </span>
     <span class='ocr_line' id='line_1_30' title="bbox 426 2847 2341 2897; baseline 0.002 -15"><span class='ocrx_word' id='word_1_297' title='bbox 426 2852 483 2891; x_wconf 77' lang='lat' dir='ltr'><strong>tit,</strong></span> <span class='ocrx_word' id='word_1_298' title='bbox 506 2851 572 2893; x_wconf 89' lang='lat' dir='ltr'><strong>qui</strong></span> <span class='ocrx_word' id='word_1_299' title='bbox 597 2851 637 2883; x_wconf 87' lang='lat' dir='ltr'><strong>in</strong></span> <span class='ocrx_word' id='word_1_300' title='bbox 662 2848 841 2883; x_wconf 77' lang='lat' dir='ltr'><strong>descensu</strong></span> <span class='ocrx_word' id='word_1_301' title='bbox 865 2847 911 2881; x_wconf 83' lang='lat' dir='ltr'><strong>ad</strong></span> <span class='ocrx_word' id='word_1_302' title='bbox 932 2849 1055 2881; x_wconf 82' lang='lat' dir='ltr'><strong>minus</strong></span> <span class='ocrx_word' id='word_1_303' title='bbox 1078 2855 1162 2891; x_wconf 85' lang='lat' dir='ltr'><strong>post</strong></span> <span class='ocrx_word' id='word_1_304' title='bbox 1186 2859 1255 2881; x_wconf 84' lang='lat' dir='ltr'><strong>non</strong></span> <span class='ocrx_word' id='word_1_305' title='bbox 1279 2849 1391 2890; x_wconf 79' lang='lat' dir='ltr'><strong>modo,</strong></span> <span class='ocrx_word' id='word_1_306' title='bbox 1425 2848 1464 2883; x_wconf 86' lang='lat' dir='ltr'><strong>id</strong></span> <span class='ocrx_word' id='word_1_307' title='bbox 1489 2855 1556 2890; x_wconf 86' lang='lat' dir='ltr'><strong>est,</strong></span> <span class='ocrx_word' id='word_1_308' title='bbox 1578 2860 1648 2883; x_wconf 83' lang='lat' dir='ltr'><strong>non</strong></span> <span class='ocrx_word' id='word_1_309' title='bbox 1676 2848 1810 2891; x_wconf 79' lang='lat' dir='ltr'><strong>dicam,</strong></span> <span class='ocrx_word' id='word_1_310' title='bbox 1832 2848 2050 2885; x_wconf 82' lang='lat' dir='ltr'><strong>Ciceronem</strong></span> <span class='ocrx_word' id='word_1_311' title='bbox 2079 2862 2224 2897; x_wconf 84' lang='lat' dir='ltr'><strong>semper</strong></span> <span class='ocrx_word' id='word_1_312' title='bbox 2248 2854 2341 2888; x_wconf 79' lang='lat' dir='ltr'><strong>sim—</strong></span> 
     </span>
     <span class='ocr_line' id='line_1_31' title="bbox 427 2909 2336 2957; baseline 0.004 -15"><span class='ocrx_word' id='word_1_313' title='bbox 427 2910 517 2953; x_wconf 80' lang='lat' dir='ltr'><strong>plex</strong></span> <span class='ocrx_word' id='word_1_314' title='bbox 537 2911 611 2949; x_wconf 82' lang='lat' dir='ltr'><strong>sed,</strong></span> <span class='ocrx_word' id='word_1_315' title='bbox 637 2920 829 2954; x_wconf 76' lang='lat' dir='ltr'><strong>nunquam</strong></span> <span class='ocrx_word' id='word_1_316' title='bbox 855 2910 920 2943; x_wconf 77' lang='lat' dir='ltr'><strong>sed</strong></span> <span class='ocrx_word' id='word_1_317' title='bbox 941 2909 1052 2942; x_wconf 76' lang='lat' dir='ltr'><strong>etiam</strong></span> <span class='ocrx_word' id='word_1_318' title='bbox 1076 2919 1145 2942; x_wconf 84' lang='lat' dir='ltr'><strong>nec</strong></span> <span class='ocrx_word' id='word_1_319' title='bbox 1170 2921 1293 2942; x_wconf 78' lang='lat' dir='ltr'><strong>verum</strong></span> <span class='ocrx_word' id='word_1_320' title='bbox 1316 2913 1429 2944; x_wconf 81' lang='lat' dir='ltr'><strong>etiam</strong></span> <span class='ocrx_word' id='word_1_321' title='bbox 1453 2918 1595 2954; x_wconf 77' lang='lat' dir='ltr'><strong>ponere</strong></span> <span class='ocrx_word' id='word_1_322' title='bbox 1621 2916 1771 2954; x_wconf 73' lang='lat' dir='ltr'><strong>putant.</strong></span> <span class='ocrx_word' id='word_1_323' title='bbox 1819 2909 1914 2944; x_wconf 62' lang='lat' dir='ltr'><strong>Nem</strong></span> <span class='ocrx_word' id='word_1_324' title='bbox 1937 2912 2061 2944; x_wconf 87' lang='lat' dir='ltr'><strong>minus</strong></span> <span class='ocrx_word' id='word_1_325' title='bbox 2081 2919 2137 2947; x_wconf 88' lang='lat' dir='ltr'><strong>est</strong></span> <span class='ocrx_word' id='word_1_326' title='bbox 2160 2914 2336 2957; x_wconf 76' lang='lat' dir='ltr'><strong>cogitare,</strong></span> 
     </span>
     <span class='ocr_line' id='line_1_32' title="bbox 426 2968 2030 3016; baseline 0.002 -15"><span class='ocrx_word' id='word_1_327' title='bbox 426 2979 537 3012; x_wconf 85' lang='lat' dir='ltr'><strong>quam</strong></span> <span class='ocrx_word' id='word_1_328' title='bbox 563 2980 685 3013; x_wconf 80' lang='lat' dir='ltr'><strong>agere,</strong></span> <span class='ocrx_word' id='word_1_329' title='bbox 710 2970 812 3014; x_wconf 86' lang='lat' dir='ltr'><strong>quod</strong></span> <span class='ocrx_word' id='word_1_330' title='bbox 838 2973 1065 3015; x_wconf 81' lang='lat' dir='ltr'><strong>cogitatione</strong></span> <span class='ocrx_word' id='word_1_331' title='bbox 1089 2972 1223 3003; x_wconf 82' lang='lat' dir='ltr'><strong>nititur</strong></span> <span class='ocrx_word' id='word_1_332' title='bbox 1247 2971 1339 3011; x_wconf 88' lang='lat' dir='ltr'><strong>(vid.</strong></span> <span class='ocrx_word' id='word_1_333' title='bbox 1362 2970 1468 3005; x_wconf 83' lang='lat' dir='ltr'><strong>Brut.</strong></span> <span class='ocrx_word' id='word_1_334' title='bbox 1488 2973 1566 3016; x_wconf 82' lang='lat'><strong>70);</strong></span> <span class='ocrx_word' id='word_1_335' title='bbox 1591 2968 1674 3004; x_wconf 79' lang='lat' dir='ltr'><strong>add.</strong></span> <span class='ocrx_word' id='word_1_336' title='bbox 1698 2971 1740 3004; x_wconf 76' lang='lat' dir='ltr'><strong>in</strong></span> <span class='ocrx_word' id='word_1_337' title='bbox 1764 2968 1890 3005; x_wconf 71' lang='lat' dir='ltr'><strong>Vatia.</strong></span> <span class='ocrx_word' id='word_1_338' title='bbox 1914 2981 1947 3015; x_wconf 86' lang='lat'><strong>9,</strong></span> <span class='ocrx_word' id='word_1_339' title='bbox 1972 2981 2030 3005; x_wconf 71' lang='grc' dir='ltr'><strong>αι.</strong></span> 
     </span>
    </p>

    <p class='ocr_par' dir='ltr' id='par_1_7' title="bbox 336 3028 1341 3075">
     <span class='ocr_line' id='line_1_33' title="bbox 336 3028 1341 3075; baseline 0.001 -12"><span class='ocrx_word' id='word_1_340' title='bbox 336 3033 371 3074; x_wconf 83' lang='lat'><strong>2)</strong></span> <span class='ocrx_word' id='word_1_341' title='bbox 421 3028 561 3063; x_wconf 82' lang='lat' dir='ltr'><strong>Melius</strong></span> <span class='ocrx_word' id='word_1_342' title='bbox 585 3032 703 3074; x_wconf 81' lang='lat' dir='ltr'><strong>igitur</strong></span> <span class='ocrx_word' id='word_1_343' title='bbox 731 3030 913 3066; x_wconf 85' lang='lat' dir='ltr'><strong>hacteuus</strong></span> <span class='ocrx_word' id='word_1_344' title='bbox 948 3031 1006 3065; x_wconf 86' lang='lat' dir='ltr'><strong>ed.</strong></span> <span class='ocrx_word' id='word_1_345' title='bbox 1031 3031 1118 3075; x_wconf 82' lang='lat'>1472</span> <span class='ocrx_word' id='word_1_346' title='bbox 1143 3030 1341 3065; x_wconf 74' lang='lat' dir='ltr'><strong>deterrent.</strong></span> 
     </span>
    </p>
   </div>
  </div>
 </body>
</html>
