<?xml version="1.0" encoding="UTF-8"?>
<!DOCTYPE html PUBLIC "-//W3C//DTD XHTML 1.0 Transitional//EN"
    "http://www.w3.org/TR/xhtml1/DTD/xhtml1-transitional.dtd">
<html xmlns="http://www.w3.org/1999/xhtml" xml:lang="en" lang="en">
 <head>
  <title>
</title>
<meta http-equiv="Content-Type" content="text/html;charset=utf-8" />
  <meta name='ocr-system' content='tesseract 3.04.00' />
  <meta name='ocr-capabilities' content='ocr_page ocr_carea ocr_par ocr_line ocrx_word'/>
</head>
<body>
  <div class='ocr_page' id='page_1' title='image "4629185_0014.png"; bbox 0 0 2555 3236; ppageno 0'>
   <div class='ocr_carea' id='block_1_1' title="bbox 247 194 280 239">
    <p class='ocr_par' dir='ltr' id='par_1_1' title="bbox 247 194 280 239">
     <span class='ocr_line' id='line_1_1' title="bbox 247 194 280 239; baseline 0 0"><span class='ocrx_word' id='word_1_1' title='bbox 247 194 280 239; x_wconf 80' lang='lat'>8</span> 
     </span>
    </p>
   </div>
   <div class='ocr_carea' id='block_1_2' title="bbox 185 323 2305 2237">
    <p class='ocr_par' dir='ltr' id='par_1_2' title="bbox 185 323 2305 2237">
     <span class='ocr_line' id='line_1_2' title="bbox 185 323 2294 388; baseline 0.002 -19"><span class='ocrx_word' id='word_1_2' title='bbox 185 331 345 370; x_wconf 85' lang='lat' dir='ltr'><strong>essent</strong></span> <span class='ocrx_word' id='word_1_3' title='bbox 364 323 420 386; x_wconf 89' lang='lat'><strong>¹).</strong></span> <span class='ocrx_word' id='word_1_4' title='bbox 489 325 674 373; x_wconf 88' lang='lat' dir='ltr'><strong>Verum</strong></span> <span class='ocrx_word' id='word_1_5' title='bbox 708 327 849 386; x_wconf 87' lang='lat' dir='ltr'><strong>longe</strong></span> <span class='ocrx_word' id='word_1_6' title='bbox 879 325 973 371; x_wconf 88' lang='lat' dir='ltr'><strong>alia</strong></span> <span class='ocrx_word' id='word_1_7' title='bbox 1006 340 1082 372; x_wconf 89' lang='lat' dir='ltr'><strong>res</strong></span> <span class='ocrx_word' id='word_1_8' title='bbox 1117 332 1213 385; x_wconf 84' lang='lat' dir='ltr'><strong>est,</strong></span> <span class='ocrx_word' id='word_1_9' title='bbox 1245 325 1329 371; x_wconf 90' lang='lat' dir='ltr'><strong>ubi</strong></span> <span class='ocrx_word' id='word_1_10' title='bbox 1366 325 1653 371; x_wconf 79' lang='lat' dir='ltr'><strong>accusativo</strong></span> <span class='ocrx_word' id='word_1_11' title='bbox 1682 326 1917 388; x_wconf 81' lang='lat' dir='ltr'><strong>gerundii</strong></span> <span class='ocrx_word' id='word_1_12' title='bbox 1946 342 2044 372; x_wconf 92' lang='lat' dir='ltr'><strong>non</strong></span> <span class='ocrx_word' id='word_1_13' title='bbox 2075 326 2294 373; x_wconf 87' lang='lat' dir='ltr'><strong>absolute</strong></span> 
     </span>
     <span class='ocr_line' id='line_1_3' title="bbox 186 412 2295 475; baseline 0.001 -17"><span class='ocrx_word' id='word_1_14' title='bbox 186 414 366 472; x_wconf 88' lang='lat' dir='ltr'><strong>posito,</strong></span> <span class='ocrx_word' id='word_1_15' title='bbox 414 415 498 460; x_wconf 89' lang='lat' dir='ltr'><strong>sed</strong></span> <span class='ocrx_word' id='word_1_16' title='bbox 531 430 564 459; x_wconf 87' lang='lat' dir='ltr'><strong>a</strong></span> <span class='ocrx_word' id='word_1_17' title='bbox 590 413 950 475; x_wconf 81' lang='lat' dir='ltr'><strong>proeposz&#39;tione</strong></span> <span class='ocrx_word' id='word_1_18' title='bbox 985 421 1117 459; x_wconf 85' lang='lat' dir='ltr'><strong>recto</strong></span> <span class='ocrx_word' id='word_1_19' title='bbox 1152 412 1465 460; x_wconf 81' lang='lat' dir='ltr'><strong>accusativus</strong></span> <span class='ocrx_word' id='word_1_20' title='bbox 1497 414 1828 461; x_wconf 77' lang='lat' dir='ltr'><strong>subiiciendus</strong></span> <span class='ocrx_word' id='word_1_21' title='bbox 1856 423 1977 462; x_wconf 84' lang='lat' dir='ltr'><strong>erat.</strong></span> <span class='ocrx_word' id='word_1_22' title='bbox 2059 415 2127 461; x_wconf 91' lang='lat' dir='ltr'><strong>Ibi</strong></span> <span class='ocrx_word' id='word_1_23' title='bbox 2165 418 2295 463; x_wconf 91' lang='lat' dir='ltr'><strong>enim</strong></span> 
     </span>
     <span class='ocr_line' id='line_1_4' title="bbox 188 500 2295 564; baseline 0 -19"><span class='ocrx_word' id='word_1_24' title='bbox 188 507 235 545; x_wconf 89' lang='lat' dir='ltr'><strong>et</strong></span> <span class='ocrx_word' id='word_1_25' title='bbox 282 502 411 561; x_wconf 90' lang='lat' dir='ltr'><strong>quod</strong></span> <span class='ocrx_word' id='word_1_26' title='bbox 446 504 718 548; x_wconf 86' lang='lat' dir='ltr'><strong>necessario</strong></span> <span class='ocrx_word' id='word_1_27' title='bbox 763 503 824 547; x_wconf 87' lang='lat' dir='ltr'><strong>ad</strong></span> <span class='ocrx_word' id='word_1_28' title='bbox 859 501 1210 548; x_wconf 86' lang='lat' dir='ltr'><strong>substantivum</strong></span> <span class='ocrx_word' id='word_1_29' title='bbox 1245 502 1458 546; x_wconf 83' lang='lat' dir='ltr'><strong>tenditur</strong></span> <span class='ocrx_word' id='word_1_30' title='bbox 1490 500 1732 561; x_wconf 90' lang='lat' dir='ltr'><strong>loquendo</strong></span> <span class='ocrx_word' id='word_1_31' title='bbox 1777 509 1828 546; x_wconf 87' lang='lat' dir='ltr'><strong>et</strong></span> <span class='ocrx_word' id='word_1_32' title='bbox 1859 511 2056 564; x_wconf 88' lang='lat' dir='ltr'><strong>propter</strong></span> <span class='ocrx_word' id='word_1_33' title='bbox 2092 503 2295 549; x_wconf 84' lang='lat' dir='ltr'><strong>similem</strong></span> 
     </span>
     <span class='ocr_line' id='line_1_5' title="bbox 185 589 2297 651; baseline 0.001 -17"><span class='ocrx_word' id='word_1_34' title='bbox 185 603 347 634; x_wconf 90' lang='lat' dir='ltr'><strong>casum</strong></span> <span class='ocrx_word' id='word_1_35' title='bbox 377 605 613 651; x_wconf 84' lang='lat' dir='ltr'><strong>nusquam</strong></span> <span class='ocrx_word' id='word_1_36' title='bbox 651 591 906 636; x_wconf 85' lang='lat' dir='ltr'><strong>distinetur</strong></span> <span class='ocrx_word' id='word_1_37' title='bbox 938 591 1252 650; x_wconf 87' lang='lat' dir='ltr'><strong>gerundium,</strong></span> <span class='ocrx_word' id='word_1_38' title='bbox 1303 591 1422 650; x_wconf 88' lang='lat' dir='ltr'><strong>quin</strong></span> <span class='ocrx_word' id='word_1_39' title='bbox 1457 590 1759 649; x_wconf 87' lang='lat' dir='ltr'><strong>participium</strong></span> <span class='ocrx_word' id='word_1_40' title='bbox 1790 589 1903 650; x_wconf 71' lang='lat' dir='ltr'><strong>fiat,</strong></span> <span class='ocrx_word' id='word_1_41' title='bbox 1970 608 2025 638; x_wconf 92' lang='lat' dir='ltr'><strong>ac</strong></span> <span class='ocrx_word' id='word_1_42' title='bbox 2061 608 2123 639; x_wconf 89' lang='lat' dir='ltr'><strong>ne</strong></span> <span class='ocrx_word' id='word_1_43' title='bbox 2168 593 2297 638; x_wconf 83' lang='lat' dir='ltr'><strong>anti-</strong></span> 
     </span>
     <span class='ocr_line' id='line_1_6' title="bbox 185 664 2296 740; baseline 0.001 -18"><span class='ocrx_word' id='word_1_44' title='bbox 185 677 438 736; x_wconf 89' lang='lat' dir='ltr'><strong>quissimos</strong></span> <span class='ocrx_word' id='word_1_45' title='bbox 474 679 665 737; x_wconf 89' lang='lat' dir='ltr'><strong>quidem</strong></span> <span class='ocrx_word' id='word_1_46' title='bbox 704 679 960 736; x_wconf 86' lang='lat' dir='ltr'><strong>scriptores</strong></span> <span class='ocrx_word' id='word_1_47' title='bbox 999 680 1090 723; x_wconf 87' lang='lat' dir='ltr'><strong>isto</strong></span> <span class='ocrx_word' id='word_1_48' title='bbox 1125 680 1269 722; x_wconf 86' lang='lat' dir='ltr'><strong>modo</strong></span> <span class='ocrx_word' id='word_1_49' title='bbox 1306 679 1482 723; x_wconf 88' lang='lat' dir='ltr'><strong>dixisse</strong></span> <span class='ocrx_word' id='word_1_50' title='bbox 1517 679 1741 736; x_wconf 86' lang='lat' dir='ltr'><strong>memini3</strong></span> <span class='ocrx_word' id='word_1_51' title='bbox 1808 664 1978 724; x_wconf 90' lang='lat' dir='ltr'><strong>Cicero</strong></span> <span class='ocrx_word' id='word_1_52' title='bbox 2019 682 2209 740; x_wconf 88' lang='lat' dir='ltr'><strong>quidem</strong></span> <span class='ocrx_word' id='word_1_53' title='bbox 2247 687 2296 725; x_wconf 88' lang='lat' dir='ltr'><strong>et</strong></span> 
     </span>
     <span class='ocr_line' id='line_1_7' title="bbox 185 763 2299 826; baseline 0.003 -18"><span class='ocrx_word' id='word_1_54' title='bbox 185 763 394 824; x_wconf 78' lang='lat' dir='ltr'><strong>aequales</strong></span> <span class='ocrx_word' id='word_1_55' title='bbox 431 770 480 809; x_wconf 90' lang='lat' dir='ltr'><strong>et</strong></span> <span class='ocrx_word' id='word_1_56' title='bbox 510 766 827 824; x_wconf 86' lang='lat' dir='ltr'><strong>posteriores,</strong></span> <span class='ocrx_word' id='word_1_57' title='bbox 858 781 921 812; x_wconf 88' lang='lat' dir='ltr'><strong>ne</strong></span> <span class='ocrx_word' id='word_1_58' title='bbox 956 768 1110 826; x_wconf 86' lang='lat' dir='ltr'><strong>poetis</strong></span> <span class='ocrx_word' id='word_1_59' title='bbox 1146 767 1337 826; x_wconf 88' lang='lat' dir='ltr'><strong>quidem</strong></span> <span class='ocrx_word' id='word_1_60' title='bbox 1374 767 1608 824; x_wconf 79' lang='lat' dir='ltr'><strong>exceptis,</strong></span> <span class='ocrx_word' id='word_1_61' title='bbox 1643 764 1784 824; x_wconf 82' lang='lat' dir='ltr'><strong>plane</strong></span> <span class='ocrx_word' id='word_1_62' title='bbox 1818 765 2167 814; x_wconf 84' lang='lat' dir='ltr'><strong>abstinuerunt.</strong></span> <span class='ocrx_word' id='word_1_63' title='bbox 2235 767 2299 814; x_wconf 90' lang='lat' dir='ltr'><strong>At</strong></span> 
     </span>
     <span class='ocr_line' id='line_1_8' title="bbox 185 852 2297 915; baseline 0.003 -19"><span class='ocrx_word' id='word_1_64' title='bbox 185 852 406 911; x_wconf 86' lang='lat' dir='ltr'><strong>exempla</strong></span> <span class='ocrx_word' id='word_1_65' title='bbox 428 856 666 900; x_wconf 83' lang='lat' dir='ltr'><strong>contraria</strong></span> <span class='ocrx_word' id='word_1_66' title='bbox 695 862 822 901; x_wconf 89' lang='lat' dir='ltr'><strong>sunt.</strong></span> <span class='ocrx_word' id='word_1_67' title='bbox 890 855 1151 902; x_wconf 85' lang='lat' dir='ltr'><strong>Videamus</strong></span> <span class='ocrx_word' id='word_1_68' title='bbox 1185 857 1333 914; x_wconf 87' lang='lat' dir='ltr'><strong>igitur</strong></span> <span class='ocrx_word' id='word_1_69' title='bbox 1365 853 1447 899; x_wconf 87' lang='lat' dir='ltr'><strong>illa</strong></span> <span class='ocrx_word' id='word_1_70' title='bbox 1481 853 1715 914; x_wconf 87' lang='lat' dir='ltr'><strong>exempla,</strong></span> <span class='ocrx_word' id='word_1_71' title='bbox 1752 869 1858 915; x_wconf 84' lang='lat' dir='ltr'><strong>quae</strong></span> <span class='ocrx_word' id='word_1_72' title='bbox 1892 855 2054 902; x_wconf 89' lang='lat' dir='ltr'><strong>multis</strong></span> <span class='ocrx_word' id='word_1_73' title='bbox 2088 857 2297 903; x_wconf 89' lang='lat' dir='ltr'><strong>millibus</strong></span> 
     </span>
     <span class='ocr_line' id='line_1_9' title="bbox 186 940 2302 1005; baseline 0.002 -20"><span class='ocrx_word' id='word_1_74' title='bbox 186 947 512 999; x_wconf 85' lang='lat' dir='ltr'><strong>opponuntur.</strong></span> <span class='ocrx_word' id='word_1_75' title='bbox 587 943 808 989; x_wconf 86' lang='lat' dir='ltr'><strong>Primum</strong></span> <span class='ocrx_word' id='word_1_76' title='bbox 843 942 960 987; x_wconf 82' lang='lat' dir='ltr'><strong>Otto</strong></span> <span class='ocrx_word' id='word_1_77' title='bbox 996 942 1064 1003; x_wconf 91' lang='lat' dir='ltr'><strong>(in</strong></span> <span class='ocrx_word' id='word_1_78' title='bbox 1100 943 1213 987; x_wconf 88' lang='lat' dir='ltr'><strong>edit.</strong></span> <span class='ocrx_word' id='word_1_79' title='bbox 1245 943 1440 987; x_wconf 86' lang='lat' dir='ltr'><strong>Catonis</strong></span> <span class='ocrx_word' id='word_1_80' title='bbox 1471 940 1587 1000; x_wconf 82' lang='lat' dir='ltr'><strong>Maj.</strong></span> <span class='ocrx_word' id='word_1_81' title='bbox 1621 940 1744 986; x_wconf 89' lang='lat' dir='ltr'><strong>Add.</strong></span> <span class='ocrx_word' id='word_1_82' title='bbox 1778 957 1823 1001; x_wconf 93' lang='lat' dir='ltr'><strong>p.</strong></span> <span class='ocrx_word' id='word_1_83' title='bbox 1859 942 2003 1005; x_wconf 76' lang='lat'><strong>246),</strong></span> <span class='ocrx_word' id='word_1_84' title='bbox 2031 960 2179 1005; x_wconf 91' lang='lat' dir='ltr'><strong>quum</strong></span> <span class='ocrx_word' id='word_1_85' title='bbox 2215 960 2302 990; x_wconf 74' lang='lat' dir='ltr'><strong>re·-</strong></span> 
     </span>
     <span class='ocr_line' id='line_1_10' title="bbox 185 1026 2298 1090; baseline 0.002 -18"><span class='ocrx_word' id='word_1_86' title='bbox 185 1027 316 1089; x_wconf 87' lang='lat' dir='ltr'><strong>liqua</strong></span> <span class='ocrx_word' id='word_1_87' title='bbox 351 1029 574 1089; x_wconf 83' lang='lat' dir='ltr'><strong>exempla</strong></span> <span class='ocrx_word' id='word_1_88' title='bbox 606 1031 917 1075; x_wconf 79' lang='lat' dir='ltr'><strong>Ciceroniana</strong></span> <span class='ocrx_word' id='word_1_89' title='bbox 951 1026 1069 1088; x_wconf 89' lang='lat' dir='ltr'><strong>(non</strong></span> <span class='ocrx_word' id='word_1_90' title='bbox 1101 1031 1151 1074; x_wconf 89' lang='lat' dir='ltr'><strong>in</strong></span> <span class='ocrx_word' id='word_1_91' title='bbox 1184 1030 1542 1089; x_wconf 83' lang='lat' dir='ltr'><strong>praepositione,</strong></span> <span class='ocrx_word' id='word_1_92' title='bbox 1571 1044 1727 1088; x_wconf 90' lang='lat' dir='ltr'><strong>neque</strong></span> <span class='ocrx_word' id='word_1_93' title='bbox 1757 1031 1884 1074; x_wconf 90' lang='lat' dir='ltr'><strong>enim</strong></span> <span class='ocrx_word' id='word_1_94' title='bbox 1925 1030 2029 1075; x_wconf 86' lang='lat' dir='ltr'><strong>haec</strong></span> <span class='ocrx_word' id='word_1_95' title='bbox 2065 1032 2298 1090; x_wconf 83' lang='lat' dir='ltr'><strong>discrevit,</strong></span> 
     </span>
     <span class='ocr_line' id='line_1_11' title="bbox 187 1113 2295 1181; baseline 0.002 -22"><span class='ocrx_word' id='word_1_96' title='bbox 187 1115 273 1160; x_wconf 88' lang='lat' dir='ltr'><strong>sed</strong></span> <span class='ocrx_word' id='word_1_97' title='bbox 307 1118 504 1162; x_wconf 91' lang='lat' dir='ltr'><strong>omnino</strong></span> <span class='ocrx_word' id='word_1_98' title='bbox 540 1118 795 1163; x_wconf 84' lang='lat' dir='ltr'><strong>accusativi</strong></span> <span class='ocrx_word' id='word_1_99' title='bbox 832 1118 1101 1162; x_wconf 86' lang='lat' dir='ltr'><strong>accusativo</strong></span> <span class='ocrx_word' id='word_1_100' title='bbox 1132 1117 1353 1176; x_wconf 89' lang='lat' dir='ltr'><strong>gerundii</strong></span> <span class='ocrx_word' id='word_1_101' title='bbox 1385 1113 1606 1173; x_wconf 86' lang='lat' dir='ltr'><strong>subiecti)</strong></span> <span class='ocrx_word' id='word_1_102' title='bbox 1638 1117 1823 1159; x_wconf 86' lang='lat' dir='ltr'><strong>incerta</strong></span> <span class='ocrx_word' id='word_1_103' title='bbox 1848 1119 2029 1163; x_wconf 87' lang='lat' dir='ltr'><strong>diceret</strong></span> <span class='ocrx_word' id='word_1_104' title='bbox 2063 1118 2212 1181; x_wconf 86' lang='lat' dir='ltr'><strong>(quod</strong></span> <span class='ocrx_word' id='word_1_105' title='bbox 2235 1121 2295 1164; x_wconf 89' lang='lat' dir='ltr'><strong>de</strong></span> 
     </span>
     <span class='ocr_line' id='line_1_12' title="bbox 187 1202 2302 1266; baseline 0.002 -20"><span class='ocrx_word' id='word_1_106' title='bbox 187 1203 462 1249; x_wconf 86' lang='lat' dir='ltr'><strong>Scaurianae</strong></span> <span class='ocrx_word' id='word_1_107' title='bbox 497 1212 546 1249; x_wconf 91' lang='lat' dir='ltr'><strong>et</strong></span> <span class='ocrx_word' id='word_1_108' title='bbox 578 1206 769 1250; x_wconf 87' lang='lat' dir='ltr'><strong>Catonis</strong></span> <span class='ocrx_word' id='word_1_109' title='bbox 804 1203 911 1248; x_wconf 92' lang='lat' dir='ltr'><strong>loco</strong></span> <span class='ocrx_word' id='word_1_110' title='bbox 942 1203 1117 1249; x_wconf 83' lang='lat' dir='ltr'><strong>falsum</strong></span> <span class='ocrx_word' id='word_1_111' title='bbox 1152 1202 1272 1264; x_wconf 88' lang='lat' dir='ltr'><strong>est),</strong></span> <span class='ocrx_word' id='word_1_112' title='bbox 1338 1210 1523 1248; x_wconf 90' lang='lat' dir='ltr'><strong>certum</strong></span> <span class='ocrx_word' id='word_1_113' title='bbox 1556 1208 1718 1247; x_wconf 85' lang='lat' dir='ltr'><strong>tamen</strong></span> <span class='ocrx_word' id='word_1_114' title='bbox 1747 1206 1958 1263; x_wconf 87' lang='lat' dir='ltr'><strong>putavit,</strong></span> <span class='ocrx_word' id='word_1_115' title='bbox 2022 1208 2150 1266; x_wconf 92' lang='lat' dir='ltr'><strong>quod</strong></span> <span class='ocrx_word' id='word_1_116' title='bbox 2180 1206 2302 1251; x_wconf 91' lang='lat' dir='ltr'><strong>solet</strong></span> 
     </span>
     <span class='ocr_line' id='line_1_13' title="bbox 185 1289 2300 1354; baseline 0.001 -18"><span class='ocrx_word' id='word_1_117' title='bbox 185 1292 313 1352; x_wconf 88' lang='lat' dir='ltr'><strong>apud</strong></span> <span class='ocrx_word' id='word_1_118' title='bbox 344 1291 599 1354; x_wconf 89' lang='lat' dir='ltr'><strong>plerosque</strong></span> <span class='ocrx_word' id='word_1_119' title='bbox 633 1308 805 1354; x_wconf 82' lang='lat' dir='ltr'><strong>agmen</strong></span> <span class='ocrx_word' id='word_1_120' title='bbox 841 1293 1033 1350; x_wconf 81' lang='lat' dir='ltr'><strong>ducere,</strong></span> <span class='ocrx_word' id='word_1_121' title='bbox 1066 1292 1262 1337; x_wconf 91' lang='lat' dir='ltr'><strong>ductum</strong></span> <span class='ocrx_word' id='word_1_122' title='bbox 1297 1305 1359 1335; x_wconf 85' lang='lat' dir='ltr'><strong>ex</strong></span> <span class='ocrx_word' id='word_1_123' title='bbox 1392 1290 1455 1334; x_wconf 84' lang='grc' dir='ltr'><strong>ΙΙΙ</strong></span> <span class='ocrx_word' id='word_1_124' title='bbox 1488 1291 1539 1335; x_wconf 89' lang='lat' dir='ltr'><strong>in</strong></span> <span class='ocrx_word' id='word_1_125' title='bbox 1572 1289 1708 1335; x_wconf 86' lang='lat' dir='ltr'><strong>Catil.</strong></span> <span class='ocrx_word' id='word_1_126' title='bbox 1734 1297 1780 1348; x_wconf 83' lang='grc'><strong>8,</strong></span> <span class='ocrx_word' id='word_1_127' title='bbox 1806 1299 1872 1343; x_wconf 84' lang='lat'><strong>20</strong></span> <span class='ocrx_word' id='word_1_128' title='bbox 1904 1293 1977 1337; x_wconf 82' lang='lat' dir='ltr'><strong>ad</strong></span> <span class='ocrx_word' id='word_1_129' title='bbox 1990 1293 2300 1353; x_wconf 80' lang='lat' dir='ltr'><strong>placandum</strong></span> 
     </span>
     <span class='ocr_line' id='line_1_14' title="bbox 188 1378 2301 1445; baseline 0.001 -20"><span class='ocrx_word' id='word_1_130' title='bbox 188 1380 319 1426; x_wconf 78' lang='lat' dir='ltr'><strong>cleos.</strong></span> <span class='ocrx_word' id='word_1_131' title='bbox 388 1380 574 1427; x_wconf 91' lang='lat' dir='ltr'><strong>Verum</strong></span> <span class='ocrx_word' id='word_1_132' title='bbox 611 1398 710 1429; x_wconf 92' lang='lat' dir='ltr'><strong>non</strong></span> <span class='ocrx_word' id='word_1_133' title='bbox 742 1380 899 1427; x_wconf 89' lang='lat' dir='ltr'><strong>solum</strong></span> <span class='ocrx_word' id='word_1_134' title='bbox 932 1381 1038 1426; x_wconf 87' lang='lat' dir='ltr'><strong>edd.</strong></span> <span class='ocrx_word' id='word_1_135' title='bbox 1066 1381 1405 1441; x_wconf 77' lang='lat' dir='ltr'><strong>antiquissimae</strong></span> <span class='ocrx_word' id='word_1_136' title='bbox 1436 1378 1598 1441; x_wconf 85' lang='lat' dir='ltr'><strong>(etiam</strong></span> <span class='ocrx_word' id='word_1_137' title='bbox 1628 1395 1670 1424; x_wconf 87' lang='lat' dir='ltr'><strong>a.</strong></span> <span class='ocrx_word' id='word_1_138' title='bbox 1702 1384 1828 1433; x_wconf 80' lang='lat'>1472</span> <span class='ocrx_word' id='word_1_139' title='bbox 1856 1388 1904 1427; x_wconf 87' lang='lat' dir='ltr'><strong>et</strong></span> <span class='ocrx_word' id='word_1_140' title='bbox 1931 1382 2081 1445; x_wconf 85' lang='grc'>1480)</span> <span class='ocrx_word' id='word_1_141' title='bbox 2103 1384 2187 1429; x_wconf 88' lang='lat' dir='ltr'><strong>sed</strong></span> <span class='ocrx_word' id='word_1_142' title='bbox 2212 1399 2301 1428; x_wconf 87' lang='lat' dir='ltr'><strong>co·-</strong></span> 
     </span>
     <span class='ocr_line' id='line_1_15' title="bbox 189 1467 2302 1531; baseline 0 -16"><span class='ocrx_word' id='word_1_143' title='bbox 189 1470 343 1528; x_wconf 88' lang='lat' dir='ltr'><strong>dices,</strong></span> <span class='ocrx_word' id='word_1_144' title='bbox 389 1470 449 1515; x_wconf 93' lang='lat' dir='ltr'><strong>de</strong></span> <span class='ocrx_word' id='word_1_145' title='bbox 484 1470 657 1530; x_wconf 86' lang='lat' dir='ltr'><strong>quibus</strong></span> <span class='ocrx_word' id='word_1_146' title='bbox 693 1470 884 1531; x_wconf 89' lang='lat' dir='ltr'><strong>quidem</strong></span> <span class='ocrx_word' id='word_1_147' title='bbox 909 1475 1116 1527; x_wconf 86' lang='lat' dir='ltr'><strong>constat,</strong></span> <span class='ocrx_word' id='word_1_148' title='bbox 1150 1483 1315 1514; x_wconf 88' lang='lat' dir='ltr'><strong>omnes</strong></span> <span class='ocrx_word' id='word_1_149' title='bbox 1349 1467 1692 1530; x_wconf 86' lang='lat' dir='ltr'><strong>(Lambiniani,</strong></span> <span class='ocrx_word' id='word_1_150' title='bbox 1734 1468 2039 1528; x_wconf 88' lang='lat' dir='ltr'><strong>Gruteriani,</strong></span> <span class='ocrx_word' id='word_1_151' title='bbox 2076 1478 2302 1531; x_wconf 84' lang='lat' dir='ltr'><strong>quattuor</strong></span> 
     </span>
     <span class='ocr_line' id='line_1_16' title="bbox 188 1555 2304 1617; baseline 0.002 -16"><span class='ocrx_word' id='word_1_152' title='bbox 188 1558 447 1617; x_wconf 85' lang='lat' dir='ltr'><strong>Graeviani,</strong></span> <span class='ocrx_word' id='word_1_153' title='bbox 480 1557 790 1616; x_wconf 83' lang='lat' dir='ltr'><strong>Barberinus,</strong></span> <span class='ocrx_word' id='word_1_154' title='bbox 818 1559 914 1603; x_wconf 93' lang='lat' dir='ltr'><strong>duo</strong></span> <span class='ocrx_word' id='word_1_155' title='bbox 936 1555 1114 1616; x_wconf 82' lang='lat' dir='ltr'><strong>Oxon.)</strong></span> <span class='ocrx_word' id='word_1_156' title='bbox 1145 1556 1430 1617; x_wconf 84' lang='lat' dir='ltr'><strong>placandos</strong></span> <span class='ocrx_word' id='word_1_157' title='bbox 1457 1556 1654 1614; x_wconf 84' lang='lat' dir='ltr'><strong>habent,</strong></span> <span class='ocrx_word' id='word_1_158' title='bbox 1688 1564 1742 1601; x_wconf 91' lang='lat' dir='ltr'><strong>ut</strong></span> <span class='ocrx_word' id='word_1_159' title='bbox 1760 1555 2073 1616; x_wconf 81' lang='lat' dir='ltr'><strong>placandum</strong></span> <span class='ocrx_word' id='word_1_160' title='bbox 2099 1558 2219 1604; x_wconf 89' lang='lat' dir='ltr'><strong>nihil</strong></span> <span class='ocrx_word' id='word_1_161' title='bbox 2242 1560 2304 1605; x_wconf 90' lang='lat' dir='ltr'><strong>sit</strong></span> 
     </span>
     <span class='ocr_line' id='line_1_17' title="bbox 190 1644 2304 1706; baseline 0.001 -17"><span class='ocrx_word' id='word_1_162' title='bbox 190 1647 283 1690; x_wconf 90' lang='lat' dir='ltr'><strong>nisi</strong></span> <span class='ocrx_word' id='word_1_163' title='bbox 317 1661 453 1690; x_wconf 85' lang='lat' dir='ltr'><strong>error</strong></span> <span class='ocrx_word' id='word_1_164' title='bbox 488 1647 710 1690; x_wconf 88' lang='lat' dir='ltr'><strong>editionis</strong></span> <span class='ocrx_word' id='word_1_165' title='bbox 740 1645 938 1689; x_wconf 87' lang='lat' dir='ltr'><strong>alicuius</strong></span> <span class='ocrx_word' id='word_1_166' title='bbox 973 1645 1036 1689; x_wconf 95' lang='lat' dir='ltr'><strong>ob</strong></span> <span class='ocrx_word' id='word_1_167' title='bbox 1070 1645 1365 1689; x_wconf 87' lang='lat' dir='ltr'><strong>reconditam</strong></span> <span class='ocrx_word' id='word_1_168' title='bbox 1402 1645 1582 1688; x_wconf 90' lang='lat' dir='ltr'><strong>scilicet</strong></span> <span class='ocrx_word' id='word_1_169' title='bbox 1610 1644 1897 1704; x_wconf 87' lang='lat' dir='ltr'><strong>elegantiam</strong></span> <span class='ocrx_word' id='word_1_170' title='bbox 1932 1646 2152 1705; x_wconf 87' lang='lat' dir='ltr'><strong>religiose</strong></span> <span class='ocrx_word' id='word_1_171' title='bbox 2184 1663 2304 1706; x_wconf 90' lang='lat' dir='ltr'><strong>pro-</strong></span> 
     </span>
     <span class='ocr_line' id='line_1_18' title="bbox 188 1730 2303 1794; baseline 0.001 -15"><span class='ocrx_word' id='word_1_172' title='bbox 188 1740 406 1794; x_wconf 87' lang='lat' dir='ltr'><strong>pagatus.</strong></span> <span class='ocrx_word' id='word_1_173' title='bbox 450 1733 680 1794; x_wconf 88' lang='lat' dir='ltr'><strong>(Orellius</strong></span> <span class='ocrx_word' id='word_1_174' title='bbox 702 1734 846 1778; x_wconf 88' lang='lat' dir='ltr'><strong>etiam</strong></span> <span class='ocrx_word' id='word_1_175' title='bbox 874 1730 1005 1776; x_wconf 85' lang='lat' dir='ltr'><strong>male</strong></span> <span class='ocrx_word' id='word_1_176' title='bbox 1023 1731 1226 1777; x_wconf 87' lang='lat' dir='ltr'><strong>alterum</strong></span> <span class='ocrx_word' id='word_1_177' title='bbox 1249 1731 1392 1777; x_wconf 90' lang='lat' dir='ltr'><strong>scribi</strong></span> <span class='ocrx_word' id='word_1_178' title='bbox 1415 1730 1644 1793; x_wconf 86' lang='lat' dir='ltr'><strong>adnotat.)</strong></span> <span class='ocrx_word' id='word_1_179' title='bbox 1689 1732 1755 1778; x_wconf 86' lang='lat' dir='ltr'><strong>Et</strong></span> <span class='ocrx_word' id='word_1_180' title='bbox 1780 1733 1912 1778; x_wconf 88' lang='lat' dir='ltr'><strong>addit</strong></span> <span class='ocrx_word' id='word_1_181' title='bbox 1930 1732 2133 1779; x_wconf 88' lang='lat' dir='ltr'><strong>Beckius</strong></span> <span class='ocrx_word' id='word_1_182' title='bbox 2159 1737 2303 1781; x_wconf 83' lang='lat' dir='ltr'><strong>etiam</strong></span> 
     </span>
     <span class='ocr_line' id='line_1_19' title="bbox 192 1818 2304 1880; baseline 0 -12"><span class='ocrx_word' id='word_1_183' title='bbox 192 1820 538 1879; x_wconf 81' lang='lat' dir='ltr'><strong>defensionem,</strong></span> <span class='ocrx_word' id='word_1_184' title='bbox 566 1822 665 1868; x_wconf 83' lang='lat' dir='ltr'><strong>vim</strong></span> <span class='ocrx_word' id='word_1_185' title='bbox 690 1835 882 1865; x_wconf 86' lang='lat' dir='ltr'><strong>omnem</strong></span> <span class='ocrx_word' id='word_1_186' title='bbox 921 1835 1023 1865; x_wconf 86' lang='lat' dir='ltr'><strong>esse</strong></span> <span class='ocrx_word' id='word_1_187' title='bbox 1056 1821 1107 1865; x_wconf 90' lang='lat' dir='ltr'><strong>in</strong></span> <span class='ocrx_word' id='word_1_188' title='bbox 1133 1818 1464 1880; x_wconf 85' lang='lat' dir='ltr'><strong>placandum,</strong></span> <span class='ocrx_word' id='word_1_189' title='bbox 1494 1821 1621 1879; x_wconf 91' lang='lat' dir='ltr'><strong>quod</strong></span> <span class='ocrx_word' id='word_1_190' title='bbox 1654 1822 1865 1866; x_wconf 87' lang='lat' dir='ltr'><strong>studiose</strong></span> <span class='ocrx_word' id='word_1_191' title='bbox 1898 1828 2125 1880; x_wconf 87' lang='lat' dir='ltr'><strong>repetunt</strong></span> <span class='ocrx_word' id='word_1_192' title='bbox 2156 1830 2204 1868; x_wconf 90' lang='lat' dir='ltr'><strong>et</strong></span> <span class='ocrx_word' id='word_1_193' title='bbox 2225 1823 2304 1869; x_wconf 87' lang='lat' dir='ltr'><strong>alii</strong></span> 
     </span>
     <span class='ocr_line' id='line_1_20' title="bbox 191 1908 2304 1971; baseline 0 -16"><span class='ocrx_word' id='word_1_194' title='bbox 191 1916 241 1956; x_wconf 89' lang='lat' dir='ltr'><strong>et</strong></span> <span class='ocrx_word' id='word_1_195' title='bbox 276 1910 357 1970; x_wconf 88' lang='lat' dir='ltr'><strong>qui</strong></span> <span class='ocrx_word' id='word_1_196' title='bbox 392 1909 799 1966; x_wconf 85' lang='lat' dir='ltr'><strong>distinctionibus,</strong></span> <span class='ocrx_word' id='word_1_197' title='bbox 853 1922 960 1968; x_wconf 85' lang='lat' dir='ltr'><strong>quae</strong></span> <span class='ocrx_word' id='word_1_198' title='bbox 990 1923 1052 1954; x_wconf 89' lang='lat' dir='ltr'><strong>ne</strong></span> <span class='ocrx_word' id='word_1_199' title='bbox 1085 1908 1147 1954; x_wconf 86' lang='lat' dir='ltr'><strong>ad</strong></span> <span class='ocrx_word' id='word_1_200' title='bbox 1181 1923 1332 1954; x_wconf 89' lang='lat' dir='ltr'><strong>unum</strong></span> <span class='ocrx_word' id='word_1_201' title='bbox 1367 1908 1558 1967; x_wconf 90' lang='lat' dir='ltr'><strong>quidem</strong></span> <span class='ocrx_word' id='word_1_202' title='bbox 1594 1923 1656 1954; x_wconf 86' lang='lat' dir='ltr'><strong>ex</strong></span> <span class='ocrx_word' id='word_1_203' title='bbox 1692 1908 1853 1954; x_wconf 81' lang='lat' dir='ltr'><strong>multis</strong></span> <span class='ocrx_word' id='word_1_204' title='bbox 1884 1908 2037 1956; x_wconf 87' lang='lat' dir='ltr'><strong>allatis</strong></span> <span class='ocrx_word' id='word_1_205' title='bbox 2073 1910 2304 1971; x_wconf 85' lang='lat' dir='ltr'><strong>exemplis</strong></span> 
     </span>
     <span class='ocr_line' id='line_1_21' title="bbox 192 1995 2305 2057; baseline 0 -14"><span class='ocrx_word' id='word_1_206' title='bbox 192 1999 547 2043; x_wconf 85' lang='lat' dir='ltr'><strong>accommodari</strong></span> <span class='ocrx_word' id='word_1_207' title='bbox 581 1999 769 2057; x_wconf 85' lang='lat' dir='ltr'><strong>possint</strong></span> <span class='ocrx_word' id='word_1_208' title='bbox 800 2010 957 2057; x_wconf 91' lang='lat' dir='ltr'><strong>neque</strong></span> <span class='ocrx_word' id='word_1_209' title='bbox 991 1996 1090 2041; x_wconf 91' lang='lat' dir='ltr'><strong>ullo</strong></span> <span class='ocrx_word' id='word_1_210' title='bbox 1125 1998 1270 2042; x_wconf 89' lang='lat' dir='ltr'><strong>modo</strong></span> <span class='ocrx_word' id='word_1_211' title='bbox 1305 2010 1366 2041; x_wconf 80' lang='lat' dir='ltr'><strong>ex</strong></span> <span class='ocrx_word' id='word_1_212' title='bbox 1401 1995 1625 2057; x_wconf 88' lang='lat' dir='ltr'><strong>loquendi</strong></span> <span class='ocrx_word' id='word_1_213' title='bbox 1658 1997 1847 2056; x_wconf 87' lang='lat' dir='ltr'><strong>generis</strong></span> <span class='ocrx_word' id='word_1_214' title='bbox 1891 2004 2065 2042; x_wconf 85' lang='lat' dir='ltr'><strong>natura</strong></span> <span class='ocrx_word' id='word_1_215' title='bbox 2111 2005 2160 2043; x_wconf 89' lang='lat' dir='ltr'><strong>et</strong></span> <span class='ocrx_word' id='word_1_216' title='bbox 2201 1999 2305 2043; x_wconf 90' lang='lat' dir='ltr'><strong>ori-</strong></span> 
     </span>
     <span class='ocr_line' id='line_1_22' title="bbox 193 2084 2305 2148; baseline -0.001 -16"><span class='ocrx_word' id='word_1_217' title='bbox 193 2088 304 2148; x_wconf 88' lang='lat' dir='ltr'><strong>giue</strong></span> <span class='ocrx_word' id='word_1_218' title='bbox 345 2086 478 2141; x_wconf 90' lang='lat' dir='ltr'><strong>elici,</strong></span> <span class='ocrx_word' id='word_1_219' title='bbox 524 2085 666 2134; x_wconf 85' lang='lat' dir='ltr'><strong>valde</strong></span> <span class='ocrx_word' id='word_1_220' title='bbox 693 2084 979 2141; x_wconf 88' lang='lat' dir='ltr'><strong>delectatur,</strong></span> <span class='ocrx_word' id='word_1_221' title='bbox 1027 2084 1390 2131; x_wconf 86' lang='lat' dir='ltr'><strong>Ramshornius.</strong></span> <span class='ocrx_word' id='word_1_222' title='bbox 1470 2085 1566 2130; x_wconf 83' lang='lat' dir='ltr'><strong>Sed</strong></span> <span class='ocrx_word' id='word_1_223' title='bbox 1600 2100 1698 2131; x_wconf 91' lang='lat' dir='ltr'><strong>non</strong></span> <span class='ocrx_word' id='word_1_224' title='bbox 1733 2086 1926 2139; x_wconf 87' lang='lat' dir='ltr'><strong>dicunt,</strong></span> <span class='ocrx_word' id='word_1_225' title='bbox 1976 2101 2083 2145; x_wconf 86' lang='lat' dir='ltr'><strong>quae</strong></span> <span class='ocrx_word' id='word_1_226' title='bbox 2117 2087 2208 2132; x_wconf 86' lang='lat' dir='ltr'><strong>ista</strong></span> <span class='ocrx_word' id='word_1_227' title='bbox 2243 2088 2305 2131; x_wconf 84' lang='lat' dir='ltr'><strong>sit</strong></span> 
     </span>
     <span class='ocr_line' id='line_1_23' title="bbox 193 2171 2305 2237; baseline -0.001 -16"><span class='ocrx_word' id='word_1_228' title='bbox 193 2176 262 2224; x_wconf 84' lang='lat' dir='ltr'><strong>vis</strong></span> <span class='ocrx_word' id='word_1_229' title='bbox 307 2174 531 2224; x_wconf 87' lang='lat' dir='ltr'><strong>vocabuli</strong></span> <span class='ocrx_word' id='word_1_230' title='bbox 572 2190 636 2220; x_wconf 90' lang='lat' dir='ltr'><strong>ne</strong></span> <span class='ocrx_word' id='word_1_231' title='bbox 681 2173 743 2219; x_wconf 91' lang='lat' dir='ltr'><strong>ad</strong></span> <span class='ocrx_word' id='word_1_232' title='bbox 785 2171 915 2218; x_wconf 89' lang='lat' dir='ltr'><strong>aliud</strong></span> <span class='ocrx_word' id='word_1_233' title='bbox 961 2173 1150 2233; x_wconf 89' lang='lat' dir='ltr'><strong>quidem</strong></span> <span class='ocrx_word' id='word_1_234' title='bbox 1204 2174 1443 2221; x_wconf 90' lang='lat' dir='ltr'><strong>contrarie</strong></span> <span class='ocrx_word' id='word_1_235' title='bbox 1486 2171 1651 2231; x_wconf 86' lang='lat' dir='ltr'><strong>relati,</strong></span> <span class='ocrx_word' id='word_1_236' title='bbox 1718 2178 1802 2218; x_wconf 85' lang='lat' dir='ltr'><strong>aut</strong></span> <span class='ocrx_word' id='word_1_237' title='bbox 1862 2187 1969 2237; x_wconf 85' lang='lat' dir='ltr'><strong>quae</strong></span> <span class='ocrx_word' id='word_1_238' title='bbox 2008 2175 2158 2232; x_wconf 89' lang='lat' dir='ltr'><strong>possit</strong></span> <span class='ocrx_word' id='word_1_239' title='bbox 2201 2188 2305 2219; x_wconf 88' lang='lat' dir='ltr'><strong>esse</strong></span> 
     </span>
    </p>
   </div>
   <div class='ocr_carea' id='block_1_3' title="bbox 283 2355 2309 2947">
    <p class='ocr_par' dir='ltr' id='par_1_3' title="bbox 283 2355 2309 2947">
     <span class='ocr_line' id='line_1_24' title="bbox 283 2355 2307 2405; baseline -0.001 -10"><span class='ocrx_word' id='word_1_240' title='bbox 283 2365 319 2405; x_wconf 75' lang='grc' dir='ltr'><strong>ι)</strong></span> <span class='ocrx_word' id='word_1_241' title='bbox 368 2360 412 2396; x_wconf 92' lang='lat' dir='ltr'><strong>L.</strong></span> <span class='ocrx_word' id='word_1_242' title='bbox 433 2360 706 2395; x_wconf 85' lang='lat' dir='ltr'><strong>Ramshornius</strong></span> <span class='ocrx_word' id='word_1_243' title='bbox 731 2362 772 2394; x_wconf 83' lang='lat' dir='ltr'><strong>iu</strong></span> <span class='ocrx_word' id='word_1_244' title='bbox 798 2365 991 2403; x_wconf 82' lang='lat' dir='ltr'><strong>grammat.</strong></span> <span class='ocrx_word' id='word_1_245' title='bbox 1016 2358 1034 2401; x_wconf 79' lang='lat'><strong>§</strong></span> <span class='ocrx_word' id='word_1_246' title='bbox 1065 2357 1129 2403; x_wconf 83' lang='lat'><strong>169</strong></span> <span class='ocrx_word' id='word_1_247' title='bbox 1154 2364 1233 2391; x_wconf 86' lang='lat' dir='ltr'><strong>not.</strong></span> <span class='ocrx_word' id='word_1_248' title='bbox 1263 2368 1325 2390; x_wconf 76' lang='lat' dir='ltr'><strong>xa.</strong></span> <span class='ocrx_word' id='word_1_249' title='bbox 1348 2355 1462 2398; x_wconf 76' lang='lat' dir='ltr'><strong>fecit,</strong></span> <span class='ocrx_word' id='word_1_250' title='bbox 1498 2357 1602 2401; x_wconf 84' lang='lat' dir='ltr'><strong>quod</strong></span> <span class='ocrx_word' id='word_1_251' title='bbox 1625 2356 1705 2391; x_wconf 79' lang='lat' dir='ltr'><strong>sere</strong></span> <span class='ocrx_word' id='word_1_252' title='bbox 1729 2356 1853 2391; x_wconf 79' lang='lat' dir='ltr'><strong>facere</strong></span> <span class='ocrx_word' id='word_1_253' title='bbox 1877 2359 1997 2400; x_wconf 86' lang='lat' dir='ltr'><strong>solet,</strong></span> <span class='ocrx_word' id='word_1_254' title='bbox 2047 2365 2091 2393; x_wconf 85' lang='lat' dir='ltr'><strong>ut</strong></span> <span class='ocrx_word' id='word_1_255' title='bbox 2116 2358 2220 2393; x_wconf 84' lang='lat' dir='ltr'><strong>nulla</strong></span> <span class='ocrx_word' id='word_1_256' title='bbox 2246 2368 2307 2392; x_wconf 84' lang='lat' dir='ltr'><strong>ra-</strong></span> 
     </span>
     <span class='ocr_line' id='line_1_25' title="bbox 367 2415 2306 2464; baseline -0.002 -9"><span class='ocrx_word' id='word_1_257' title='bbox 367 2423 473 2455; x_wconf 84' lang='lat' dir='ltr'><strong>tione</strong></span> <span class='ocrx_word' id='word_1_258' title='bbox 499 2421 635 2455; x_wconf 82' lang='lat' dir='ltr'><strong>menda</strong></span> <span class='ocrx_word' id='word_1_259' title='bbox 656 2424 772 2456; x_wconf 88' lang='lat' dir='ltr'><strong>unius</strong></span> <span class='ocrx_word' id='word_1_260' title='bbox 801 2420 1006 2454; x_wconf 80' lang='lat' dir='ltr'><strong>alteriusve</strong></span> <span class='ocrx_word' id='word_1_261' title='bbox 1041 2418 1183 2451; x_wconf 90' lang='lat' dir='ltr'><strong>codicis</strong></span> <span class='ocrx_word' id='word_1_262' title='bbox 1208 2423 1274 2451; x_wconf 78' lang='lat' dir='ltr'><strong>aut</strong></span> <span class='ocrx_word' id='word_1_263' title='bbox 1297 2417 1464 2461; x_wconf 83' lang='lat' dir='ltr'><strong>vulgaris</strong></span> <span class='ocrx_word' id='word_1_264' title='bbox 1491 2415 1670 2451; x_wconf 84' lang='lat' dir='ltr'><strong>editionis</strong></span> <span class='ocrx_word' id='word_1_265' title='bbox 1694 2423 1844 2452; x_wconf 85' lang='lat' dir='ltr'><strong>strenue</strong></span> <span class='ocrx_word' id='word_1_266' title='bbox 1872 2419 2038 2464; x_wconf 82' lang='lat' dir='ltr'><strong>colligat.</strong></span> <span class='ocrx_word' id='word_1_267' title='bbox 2116 2419 2159 2452; x_wconf 87' lang='lat' dir='ltr'><strong>Iu</strong></span> <span class='ocrx_word' id='word_1_268' title='bbox 2193 2419 2223 2456; x_wconf 87' lang='grc' dir='ltr'><strong>Ι.</strong></span> <span class='ocrx_word' id='word_1_269' title='bbox 2260 2418 2306 2452; x_wconf 89' lang='lat' dir='ltr'><strong>de</strong></span> 
     </span>
     <span class='ocr_line' id='line_1_26' title="bbox 369 2474 2307 2521; baseline -0.002 -6"><span class='ocrx_word' id='word_1_270' title='bbox 369 2477 448 2515; x_wconf 77' lang='lat' dir='ltr'><strong>Off.</strong></span> <span class='ocrx_word' id='word_1_271' title='bbox 481 2487 608 2514; x_wconf 81' lang='lat' dir='ltr'><strong>tamen</strong></span> <span class='ocrx_word' id='word_1_272' title='bbox 638 2490 671 2515; x_wconf 87' lang='lat' dir='ltr'><strong>c.</strong></span> <span class='ocrx_word' id='word_1_273' title='bbox 695 2481 736 2513; x_wconf 80' lang='lat'><strong>31</strong></span> <span class='ocrx_word' id='word_1_274' title='bbox 774 2490 874 2514; x_wconf 86' lang='lat' dir='ltr'><strong>unus</strong></span> <span class='ocrx_word' id='word_1_275' title='bbox 907 2479 1032 2513; x_wconf 87' lang='lat' dir='ltr'><strong>bonus</strong></span> <span class='ocrx_word' id='word_1_276' title='bbox 1064 2477 1188 2511; x_wconf 79' lang='lat' dir='ltr'><strong>codex</strong></span> <span class='ocrx_word' id='word_1_277' title='bbox 1214 2474 1392 2510; x_wconf 84' lang='lat' dir='ltr'><strong>mendum</strong></span> <span class='ocrx_word' id='word_1_278' title='bbox 1415 2475 1553 2520; x_wconf 80' lang='lat' dir='ltr'><strong>habet,</strong></span> <span class='ocrx_word' id='word_1_279' title='bbox 1598 2485 1722 2510; x_wconf 87' lang='lat' dir='ltr'><strong>ortum</strong></span> <span class='ocrx_word' id='word_1_280' title='bbox 1750 2488 1799 2510; x_wconf 81' lang='lat' dir='ltr'><strong>ex</strong></span> <span class='ocrx_word' id='word_1_281' title='bbox 1824 2479 2042 2521; x_wconf 84' lang='lat' dir='ltr'><strong>precedenti</strong></span> <span class='ocrx_word' id='word_1_282' title='bbox 2068 2479 2307 2517; x_wconf 83' lang='lat' dir='ltr'><strong>moriundum,</strong></span> 
     </span>
     <span class='ocr_line' id='line_1_27' title="bbox 370 2536 2307 2584; baseline -0.003 -9"><span class='ocrx_word' id='word_1_283' title='bbox 370 2543 531 2584; x_wconf 81' lang='lat' dir='ltr'><strong>reliquis</strong></span> <span class='ocrx_word' id='word_1_284' title='bbox 555 2551 689 2574; x_wconf 79' lang='lat' dir='ltr'><strong>verum</strong></span> <span class='ocrx_word' id='word_1_285' title='bbox 717 2539 947 2575; x_wconf 85' lang='lat' dir='ltr'><strong>tenentibus.</strong></span> <span class='ocrx_word' id='word_1_286' title='bbox 993 2536 1069 2573; x_wconf 87' lang='lat' dir='ltr'><strong>Sed</strong></span> <span class='ocrx_word' id='word_1_287' title='bbox 1096 2536 1174 2574; x_wconf 82' lang='lat' dir='ltr'><strong>Cat.</strong></span> <span class='ocrx_word' id='word_1_288' title='bbox 1200 2549 1251 2578; x_wconf 67' lang='grc' dir='ltr'><strong>ια,</strong></span> <span class='ocrx_word' id='word_1_289' title='bbox 1278 2537 1323 2570; x_wconf 78' lang='lat'><strong>42</strong></span> <span class='ocrx_word' id='word_1_290' title='bbox 1350 2537 1553 2572; x_wconf 79' lang='lat' dir='ltr'><strong>notandum</strong></span> <span class='ocrx_word' id='word_1_291' title='bbox 1572 2538 1706 2582; x_wconf 74' lang='lat' dir='ltr'><strong>putavi</strong></span> <span class='ocrx_word' id='word_1_292' title='bbox 1734 2537 1924 2573; x_wconf 82' lang='lat' dir='ltr'><strong>libidinem</strong></span> <span class='ocrx_word' id='word_1_293' title='bbox 1950 2546 1987 2574; x_wconf 88' lang='lat' dir='ltr'><strong>et</strong></span> <span class='ocrx_word' id='word_1_294' title='bbox 2012 2542 2244 2584; x_wconf 86' lang='lat' dir='ltr'><strong>optimorum</strong></span> <span class='ocrx_word' id='word_1_295' title='bbox 2269 2544 2307 2571; x_wconf 88' lang='lat' dir='ltr'><strong>et</strong></span> 
     </span>
     <span class='ocr_line' id='line_1_28' title="bbox 370 2595 2307 2645; baseline -0.004 -8"><span class='ocrx_word' id='word_1_296' title='bbox 370 2600 622 2637; x_wconf 86' lang='lat' dir='ltr'><strong>mediocrium</strong></span> <span class='ocrx_word' id='word_1_297' title='bbox 649 2599 869 2635; x_wconf 81' lang='lat' dir='ltr'><strong>auctoritati</strong></span> <span class='ocrx_word' id='word_1_298' title='bbox 898 2596 1041 2633; x_wconf 77' lang='lat' dir='ltr'><strong>dudum</strong></span> <span class='ocrx_word' id='word_1_299' title='bbox 1068 2599 1202 2639; x_wconf 81' lang='lat' dir='ltr'><strong>cessit3</strong></span> <span class='ocrx_word' id='word_1_300' title='bbox 1226 2596 1320 2643; x_wconf 87' lang='lat' dir='ltr'><strong>quid</strong></span> <span class='ocrx_word' id='word_1_301' title='bbox 1344 2595 1391 2630; x_wconf 87' lang='lat' dir='ltr'><strong>de</strong></span> <span class='ocrx_word' id='word_1_302' title='bbox 1418 2606 1463 2631; x_wconf 90' lang='lat' dir='ltr'><strong>eo</strong></span> <span class='ocrx_word' id='word_1_303' title='bbox 1489 2596 1621 2639; x_wconf 80' lang='lat' dir='ltr'><strong>dicam,</strong></span> <span class='ocrx_word' id='word_1_304' title='bbox 1648 2597 1751 2643; x_wconf 87' lang='lat' dir='ltr'><strong>quod</strong></span> <span class='ocrx_word' id='word_1_305' title='bbox 1778 2607 1828 2632; x_wconf 73' lang='lat' dir='ltr'><strong>ex</strong></span> <span class='ocrx_word' id='word_1_306' title='bbox 1853 2605 1945 2632; x_wconf 82' lang='lat' dir='ltr'><strong>orat.</strong></span> <span class='ocrx_word' id='word_1_307' title='bbox 1973 2609 2043 2645; x_wconf 83' lang='lat' dir='ltr'><strong>pro</strong></span> <span class='ocrx_word' id='word_1_308' title='bbox 2069 2597 2151 2633; x_wconf 84' lang='lat' dir='ltr'><strong>Mil.</strong></span> <span class='ocrx_word' id='word_1_309' title='bbox 2182 2608 2222 2644; x_wconf 84' lang='lat'><strong>¹9</strong></span> <span class='ocrx_word' id='word_1_310' title='bbox 2250 2603 2307 2631; x_wconf 79' lang='lat' dir='ltr'><strong>te-</strong></span> 
     </span>
     <span class='ocr_line' id='line_1_29' title="bbox 369 2657 2305 2705; baseline -0.003 -10"><span class='ocrx_word' id='word_1_311' title='bbox 369 2663 541 2696; x_wconf 79' lang='lat' dir='ltr'><strong>stimouii</strong></span> <span class='ocrx_word' id='word_1_312' title='bbox 566 2661 652 2694; x_wconf 90' lang='lat' dir='ltr'><strong>loco</strong></span> <span class='ocrx_word' id='word_1_313' title='bbox 677 2662 808 2705; x_wconf 83' lang='lat' dir='ltr'><strong>ponit,</strong></span> <span class='ocrx_word' id='word_1_314' title='bbox 847 2669 925 2691; x_wconf 83' lang='lat' dir='ltr'><strong>nou</strong></span> <span class='ocrx_word' id='word_1_315' title='bbox 949 2658 1033 2691; x_wconf 85' lang='lat' dir='ltr'><strong>dico</strong></span> <span class='ocrx_word' id='word_1_316' title='bbox 1059 2661 1234 2703; x_wconf 84' lang='lat' dir='ltr'><strong>peiorum</strong></span> <span class='ocrx_word' id='word_1_317' title='bbox 1258 2657 1432 2691; x_wconf 86' lang='lat' dir='ltr'><strong>codicum</strong></span> <span class='ocrx_word' id='word_1_318' title='bbox 1460 2657 1660 2691; x_wconf 81' lang='lat' dir='ltr'><strong>lectionem</strong></span> <span class='ocrx_word' id='word_1_319' title='bbox 1685 2658 1829 2691; x_wconf 86' lang='lat' dir='ltr'><strong>dudum</strong></span> <span class='ocrx_word' id='word_1_320' title='bbox 1855 2669 1905 2691; x_wconf 83' lang='lat' dir='ltr'><strong>ex</strong></span> <span class='ocrx_word' id='word_1_321' title='bbox 1934 2663 2087 2703; x_wconf 85' lang='lat' dir='ltr'><strong>optimis</strong></span> <span class='ocrx_word' id='word_1_322' title='bbox 2113 2665 2305 2696; x_wconf 75' lang='lat' dir='ltr'><strong>mutatam,</strong></span> 
     </span>
     <span class='ocr_line' id='line_1_30' title="bbox 372 2715 2309 2765; baseline -0.003 -9"><span class='ocrx_word' id='word_1_323' title='bbox 372 2721 440 2756; x_wconf 87' lang='lat' dir='ltr'><strong>sed</strong></span> <span class='ocrx_word' id='word_1_324' title='bbox 465 2732 516 2756; x_wconf 87' lang='lat' dir='ltr'><strong>ex</strong></span> <span class='ocrx_word' id='word_1_325' title='bbox 541 2722 607 2755; x_wconf 75' lang='lat' dir='ltr'><strong>illa</strong></span> <span class='ocrx_word' id='word_1_326' title='bbox 635 2728 765 2755; x_wconf 82' lang='lat' dir='ltr'><strong>ortum</strong></span> <span class='ocrx_word' id='word_1_327' title='bbox 789 2721 1071 2764; x_wconf 87' lang='lat' dir='ltr'><strong>apertissimum</strong></span> <span class='ocrx_word' id='word_1_328' title='bbox 1097 2730 1266 2754; x_wconf 82' lang='lat' dir='ltr'><strong>errorem</strong></span> <span class='ocrx_word' id='word_1_329' title='bbox 1291 2718 1454 2752; x_wconf 84' lang='lat' dir='ltr'><strong>duorum</strong></span> <span class='ocrx_word' id='word_1_330' title='bbox 1479 2719 1585 2754; x_wconf 82' lang='lat' dir='ltr'><strong>codd.</strong></span> <span class='ocrx_word' id='word_1_331' title='bbox 1612 2715 1910 2761; x_wconf 85' lang='lat' dir='ltr'><strong>Oxoniensium‚</strong></span> <span class='ocrx_word' id='word_1_332' title='bbox 1965 2728 2031 2754; x_wconf 80' lang='lat' dir='ltr'><strong>aut</strong></span> <span class='ocrx_word' id='word_1_333' title='bbox 2055 2718 2159 2765; x_wconf 89' lang='lat' dir='ltr'><strong>quod</strong></span> <span class='ocrx_word' id='word_1_334' title='bbox 2184 2717 2309 2753; x_wconf 82' lang='lat' dir='ltr'><strong>Pacu-</strong></span> 
     </span>
     <span class='ocr_line' id='line_1_31' title="bbox 371 2775 2308 2826; baseline -0.003 -9"><span class='ocrx_word' id='word_1_335' title='bbox 371 2784 485 2817; x_wconf 67' lang='lat' dir='ltr'><strong>viano</strong></span> <span class='ocrx_word' id='word_1_336' title='bbox 506 2792 622 2817; x_wconf 82' lang='lat' dir='ltr'><strong>versu</strong></span> <span class='ocrx_word' id='word_1_337' title='bbox 659 2787 697 2816; x_wconf 88' lang='lat' dir='ltr'><strong>et</strong></span> <span class='ocrx_word' id='word_1_338' title='bbox 730 2782 814 2826; x_wconf 86' lang='lat' dir='ltr'><strong>ipso</strong></span> <span class='ocrx_word' id='word_1_339' title='bbox 845 2777 964 2814; x_wconf 87' lang='lat' dir='ltr'><strong>dubio</strong></span> <span class='ocrx_word' id='word_1_340' title='bbox 989 2786 1167 2826; x_wconf 80' lang='lat' dir='ltr'><strong>tanquam</strong></span> <span class='ocrx_word' id='word_1_341' title='bbox 1192 2777 1384 2815; x_wconf 86' lang='lat' dir='ltr'><strong>Ciceronis</strong></span> <span class='ocrx_word' id='word_1_342' title='bbox 1412 2776 1537 2814; x_wconf 79' lang='lat' dir='ltr'><strong>verbis</strong></span> <span class='ocrx_word' id='word_1_343' title='bbox 1573 2776 1641 2824; x_wconf 88' lang='lat' dir='ltr'><strong>(de</strong></span> <span class='ocrx_word' id='word_1_344' title='bbox 1666 2777 1797 2814; x_wconf 84' lang='lat' dir='ltr'><strong>Divin.</strong></span> <span class='ocrx_word' id='word_1_345' title='bbox 1825 2778 1863 2821; x_wconf 89' lang='lat'><strong>1,</strong></span> <span class='ocrx_word' id='word_1_346' title='bbox 1891 2778 1953 2824; x_wconf 85' lang='lat'><strong>57)</strong></span> <span class='ocrx_word' id='word_1_347' title='bbox 1991 2778 2149 2814; x_wconf 70' lang='lat' dir='ltr'><strong>utitur?</strong></span> <span class='ocrx_word' id='word_1_348' title='bbox 2193 2775 2308 2823; x_wconf 80' lang='lat' dir='ltr'><strong>Apud</strong></span> 
     </span>
     <span class='ocr_line' id='line_1_32' title="bbox 373 2839 2307 2885; baseline -0.003 -9"><span class='ocrx_word' id='word_1_349' title='bbox 373 2841 558 2876; x_wconf 72' lang='lat' dir='ltr'><strong>Caesarum</strong></span> <span class='ocrx_word' id='word_1_350' title='bbox 582 2840 681 2876; x_wconf 83' lang='lat' dir='ltr'><strong>Bell.</strong></span> <span class='ocrx_word' id='word_1_351' title='bbox 709 2839 806 2876; x_wconf 83' lang='lat' dir='ltr'><strong>Gall.</strong></span> <span class='ocrx_word' id='word_1_352' title='bbox 834 2840 908 2881; x_wconf 88' lang='lat'><strong>111,</strong></span> <span class='ocrx_word' id='word_1_353' title='bbox 938 2841 980 2874; x_wconf 82' lang='lat'><strong>14</strong></span> <span class='ocrx_word' id='word_1_354' title='bbox 1011 2848 1047 2875; x_wconf 86' lang='lat' dir='ltr'><strong>et</strong></span> <span class='ocrx_word' id='word_1_355' title='bbox 1070 2842 1186 2884; x_wconf 84' lang='lat' dir='ltr'><strong>longe</strong></span> <span class='ocrx_word' id='word_1_356' title='bbox 1212 2841 1365 2885; x_wconf 85' lang='lat' dir='ltr'><strong>plurimi</strong></span> <span class='ocrx_word' id='word_1_357' title='bbox 1391 2839 1500 2875; x_wconf 76' lang='lat' dir='ltr'><strong>codd.</strong></span> <span class='ocrx_word' id='word_1_358' title='bbox 1527 2847 1565 2873; x_wconf 89' lang='lat' dir='ltr'><strong>et</strong></span> <span class='ocrx_word' id='word_1_359' title='bbox 1589 2850 1741 2880; x_wconf 85' lang='lat' dir='ltr'><strong>omues,</strong></span> <span class='ocrx_word' id='word_1_360' title='bbox 1774 2849 1939 2883; x_wconf 85' lang='lat' dir='ltr'><strong>quorum</strong></span> <span class='ocrx_word' id='word_1_361' title='bbox 1961 2839 2116 2883; x_wconf 82' lang='lat' dir='ltr'><strong>aliquod</strong></span> <span class='ocrx_word' id='word_1_362' title='bbox 2140 2845 2195 2872; x_wconf 82' lang='lat' dir='ltr'><strong>est</strong></span> <span class='ocrx_word' id='word_1_363' title='bbox 2222 2848 2307 2882; x_wconf 79' lang='lat' dir='ltr'><strong>pre-</strong></span> 
     </span>
     <span class='ocr_line' id='line_1_33' title="bbox 377 2900 1885 2947; baseline -0.003 -11"><span class='ocrx_word' id='word_1_364' title='bbox 377 2906 492 2945; x_wconf 85' lang='lat' dir='ltr'><strong>tium,</strong></span> <span class='ocrx_word' id='word_1_365' title='bbox 519 2909 703 2947; x_wconf 85' lang='lat' dir='ltr'><strong>respuunt</strong></span> <span class='ocrx_word' id='word_1_366' title='bbox 729 2900 921 2937; x_wconf 85' lang='lat' dir='ltr'><strong>horridam</strong></span> <span class='ocrx_word' id='word_1_367' title='bbox 946 2901 1050 2937; x_wconf 83' lang='lat' dir='ltr'><strong>illam</strong></span> <span class='ocrx_word' id='word_1_368' title='bbox 1075 2904 1385 2937; x_wconf 80' lang='lat' dir='ltr'><strong>coniunctionem</strong></span> <span class='ocrx_word' id='word_1_369' title='bbox 1409 2901 1696 2946; x_wconf 77' lang='lat' dir='ltr'><strong>exspectandum</strong></span> <span class='ocrx_word' id='word_1_370' title='bbox 1720 2900 1885 2934; x_wconf 80' lang='lat' dir='ltr'><strong>classem.</strong></span> 
     </span>
    </p>
   </div>
  </div>
 </body>
</html>
